3534 4400
626 391 827 435 scnnrnonns
843 395 1006 438 nonanes
1235 380 1276 445 19

422 528 494 585 llaec
512 544 543 583 ea
558 530 672 585 manime
689 529 724 585 ale
739 546 821 586 causa
836 530 918 587 latius
935 535 1066 607 exposui,
1086 543 1116 591 ut
1132 538 1199 593 viam
1214 554 1274 595 mu·

362 615 442 669 uirem
465 612 499 669 ad
518 613 624 686 reliqna
648 612 874 686 demonstranda,
898 632 968 689 quae
990 617 1075 675 multo
1096 629 1161 677 sunt
1176 620 1272 680 dilfici·

361 695 433 753 liora.
476 696 550 770 Ergo
571 706 603 753 ut
624 697 716 753 eadem
738 715 808 772 quae
831 700 923 756 statim
945 701 999 757 dixi
1019 704 1113 776 paucis
1135 715 1271 779 repetam:

362 780 482 838 solebant
497 782 706 839 ratiocinatores
722 782 834 839 llomani
849 783 938 841 altero
953 794 1019 859 post
1033 787 1094 863 Cirr.
1106 804 1132 844 n.
1150 791 1271 861 saeculo,

362 866 471 921 eumad
498 866 637 923 denarium
661 868 730 923 ratio
754 865 851 939 fiebat,
877 869 1003 943 singulos
1023 888 1098 928 asses
1119 874 1270 932 monetales

360 948 476 1024 reingere
497 951 531 1007 ad
551 959 644 1025 partes
666 952 769 1009 denarii
784 969 835 1026 pro
851 970 913 1009 asse
929 958 1087 1030 computati.
1117 956 1205 1014 Nullis
1224 976 1270 1015 au·

360 1042 411 1090 tem
429 1036 456 1097 iu
479 1052 510 1091 ea
530 1052 561 1092 re
581 1038 699 1109 partium
722 1036 949 1112 appellationibus
971 1042 1101 1113 notisque
1122 1041 1271 1100 utebantur

359 1120 407 1174 nisi
422 1120 577 1194 vulgaribus
593 1138 625 1177 ac
639 1120 779 1194 legitimis,
793 1123 883 1192 uncia,
900 1126 1049 1196 semuncia,
1067 1126 1184 1193 sicilico;
1201 1146 1269 1202 quas

359 1211 443 1276 partes
463 1205 496 1261 ad
517 1204 659 1261 denarium
678 1206 844 1263 revocandas
864 1223 926 1264 esse
945 1208 1135 1282 significabant
1150 1212 1268 1284 praefixa

359 1297 417 1345 nota
432 1289 464 1345 ii.
496 1291 578 1363 Atqui
601 1290 706 1347 diversa
727 1290 808 1365 plane
828 1307 844 1361 a
865 1291 971 1365 vulgari
992 1295 1062 1351 assis
1083 1295 1215 1354 divisione
1236 1314 1268 1353 ea

358 1376 421 1431 ratio
444 1373 497 1431 fuit
518 1392 599 1449 quam
621 1376 817 1432 sestertiariam
838 1375 905 1432 dicit
925 1377 1077 1435 llaecianus
1099 1379 1267 1453 (on-73).

358 1457 383 1512 ln
397 1458 445 1515 bac
461 1466 538 1516 erant
551 1468 662 1533 praeter
677 1462 835 1533 semissem,
853 1463 890 1533 8,
906 1470 998 1534 partes
1014 1466 1133 1520 sestertii

501 1569 606 1627 decima
620 1569 676 1625 sive
691 1568 786 1627 libella
798 1601 824 1613 -

501 1656 628 1712 vicesima
644 1656 700 1711 sive
714 1651 851 1728 singula⁵)
867 1658 888 1707 Σ

503 1738 711 1813 quadragesima
727 1741 784 1794 sive
801 1740 940 1797 teruncius
954 1740 987 1794 Τ.

356 1846 405 1903 llae
418 1866 472 1905 non
489 1834 601 1924 proprie
617 1857 683 1905 sunt
695 1849 849 1922 Romanae,
865 1850 913 1920 sed
931 1851 1063 1923 repetitae
1079 1848 1140 1907 illae
1155 1852 1265 1926 quidem

357 1949 385 1987 er
396 1932 545 1991 Siculorum
561 1950 623 2005 usu,
640 1950 756 2007 quorum
772 1941 920 2008 argenteus
936 1950 1062 1989 nummus
1077 1934 1130 1991 luit
1143 1935 1265 1995 didrach-

356 2034 423 2073 mum
438 2021 529 2075 Attico
543 2018 680 2093 pondere,
703 2018 798 2076 babuit
815 2027 906 2076 autem
925 2017 1008 2074 denas
1023 2019 1100 2076 litras
1115 2021 1172 2077 sive
1187 2021 1264 2078 libel-

357 2101 407 2170 las,
431 2118 461 2158 ac
483 2102 561 2159 litrae
589 2104 790 2159 conveniebant·
809 2103 873 2161 bina
897 2097 1041 2177 ἡμίλιτρα
1067 2103 1108 2159 vel
1138 2110 1263 2178 quaterni

355 2182 504 2261 τριᾶντεε,
529 2205 599 2263 quae
618 2195 712 2262 partes
728 2187 812 2248 latine
830 2188 981 2264 appellatae
1005 2196 1070 2245 sunt
1090 2189 1216 2247 sembella
1235 2198 1264 2248 et

357 2275 496 2330 teruncius.
637 2346 640 2351 Ι

411 2357 481 2413 llaec
501 2357 590 2414 omnis
610 2359 681 2413 ratio
704 2359 798 2430 quanti
813 2359 945 2416 momenti
962 2359 998 2414 sit
1013 2358 1046 2414 ad
1063 2358 1206 2416 historiam
1221 2365 1261 2417 rei

355 2444 512 2499 nummariae
532 2441 716 2499 Romanorum
741 2442 949 2514 illustrandam,
972 2458 1028 2498 aron
1051 2460 1121 2515 opus
1144 2444 1262 2501 estimo

355 2522 410 2582 loco
424 2542 546 2596 monere,
564 2533 710 2600 postquam
724 2527 907 2590 llommsenus
923 2527 1064 2600 copiosius
1081 2525 1113 2581 tle
1128 2543 1160 2582 eo
1179 2544 1261 2600 argu·

355 2617 437 2666 mento
451 2605 618 2681 disseruit⁶).
654 2608 706 2667 Sed
722 2611 749 2666 iel
766 2629 840 2668 nunc
852 2612 975 2686 agimus,
991 2618 1023 2666 ut
1036 2609 1164 2666 llaeciani
1180 2610 1260 2668 verba

354 2694 518 2767 explicemus.
548 2695 600 2764 oui
614 2695 847 2753 bac'sestertiaria
862 2697 969 2752 ratione
985 2695 1025 2750 uti
1042 2693 1137 2750 scribit
1150 2695 1260 2752 ratioci-

355 2787 471 2852 natores,
497 2787 529 2837 ut
548 2796 670 2836 summae
692 2782 882 2837 sestertiorum
910 2781 1003 2836 statim
1028 2778 1125 2835 addere
1152 2780 1261 2853 possint

355 2874 518 2922 excurrentes
540 2881 615 2922 asses
633 2872 661 2920 et
682 2866 826 2936 semisses,
850 2865 904 2921 hoc
920 2872 963 2920 est
978 2872 1125 2938 quaternas
1140 2871 1168 2920 et
1184 2872 1260 2922 octo·

355 2962 395 3001 nas
414 2949 531 3007 sestertii
553 2958 654 3023 partes.
684 2947 756 3005 lnlra
777 2959 868 3023 autem
882 2951 1024 3005 semissem
1040 2965 1096 3005 uon
1114 2949 1260 3007 descende·
1302 3005 1310 3025 ,

354 3027 424 3099 bant;
448 3051 510 3090 nam
527 3036 579 3090 etsi
597 3033 762 3107 quadrantes
778 3036 848 3090 aeris
865 3035 1005 3090 etiamtum
1021 3033 1107 3090 luisse
1122 3033 1258 3103 videntur,

353 3114 373 3168 is
387 3123 471 3174 tamen
485 3119 643 3175 nummulus
661 3118 752 3174 minor
770 3126 846 3190 erat,
871 3135 952 3192 quam
973 3126 1004 3174 ut
1019 3120 1046 3174 iu
1061 3133 1160 3190 magno
1175 3133 1258 3190 pecu·

353 3261 543 3278 Ἢ

353 3363 495 3419 Gronovius
518 3369 552 3420 de
570 3371 637 3419 sest.
659 3383 684 3434 p.
703 3368 839 3419 soa-414
862 3367 1023 3429 (Amstelod.
1043 3364 1129 3430 1656).
1164 3367 1259 3431 Nuper

353 3435 459 3486 eandem
477 3453 534 3487 rem
553 3436 649 3501 attigit
666 3434 836 3499 Marquardt.
859 3436 930 3486 lirim.
949 3435 1061 3487 Altertb.
1079 3433 1103 3484 V
1121 3449 1147 3498 p.
1167 3435 1215 3484 102
1234 3448 1256 3484 s.

409 3520 434 3583 5)
453 3519 634 3585 singulam
645 3518 811 3570 Maecianus
830 3519 955 3585 appellat
968 3535 1038 3584 qnae
1050 3517 1168 3568 Varroni
1185 3517 1219 3567 de
1238 3516 1256 3566 l.

350 3582 411 3646 uu,
425 3590 576 3650 174.10,38
595 3591 638 3637 est
655 3587 832 3638 sembelln.
858 3586 1007 3651 Utriusque
1027 3587 1103 3636 vocis
1122 3585 1257 3650 originem

351 3653 464 3716 explicat
480 3656 640 3706 Mommsen.
662 3655 690 3704 G.
710 3655 742 3706 rt.
761 3655 800 3708 M.
819 3671 846 3720 p.
866 3656 916 3705 199
935 3655 997 3704 adn.
1016 3655 1060 3704 85.
1139 3675 1140 3680 ¹

385 3737 758 3814 ‚qunnpmn

1085 3823 1129 3886 2*
