3534 4400
512 363 572 427 138
775 383 942 425 uxonnrm
962 386 1002 424 ox
1024 383 1166 426 romono.
1344 360 1410 447 [138]

510 516 588 579 cellit
615 534 668 595 pes
694 516 837 577 manualis
859 516 966 595 pedem
988 516 1167 587 naturalem,
1196 523 1338 595 quantum
1358 515 1412 595 pol-

509 619 557 681 lex
578 621 609 680 in
630 616 847 695 longitudinem
862 618 999 694 protendi
1014 624 1121 696 potest.
1144 617 1280 678 similiter
1297 625 1326 681 et
1340 617 1413 678 euhi-

510 728 566 783 tus.
612 738 681 781 nam
709 736 784 779 unus
811 719 928 779 cubitus
950 728 995 781 est
1016 720 1067 797 qui
1088 716 1262 779 naturaliter
1286 738 1303 780 a
1325 718 1413 780 euhito

510 823 546 884 ad
582 822 740 901 digitorum
774 822 973 880 summitatem
1006 820 1294 901 usquepertendit:
1332 818 1416 899 qualis

474 931 572 987 uerat
594 922 711 985 cubitus
734 938 793 999 quo
815 939 884 983 aroa
908 924 1084 992 testamenti,
1108 939 1197 1002 quam
1211 922 1330 1001 Moyses
1345 922 1416 983 iussu

509 1026 556 1087 dei
579 1024 698 1093 iecerat,
723 1021 819 1083 luerat
841 1030 1021 1084 mensurata.
1060 1022 1136 1084 alins
1157 1022 1276 1084 cubitus
1299 1030 1351 1092 est,
1374 1024 1417 1100 qui

509 1136 538 1189 et
560 1127 654 1187 maior
683 1124 806 1193 dieitur,
837 1142 896 1202 quo
924 1142 991 1185 area
1020 1124 1102 1187 Noae
1130 1125 1267 1187 demolita
1295 1142 1360 1187 esse
1380 1124 1416 1183 di·

508 1229 649 1295 noscitur,
674 1226 724 1304 qui
745 1224 868 1285 brachio
891 1233 1013 1287 extenso
1033 1234 1095 1287 toto
1118 1225 1217 1299 oubito
1233 1228 1325 1307 capiti
1338 1244 1416 1305 prae-

507 1329 566 1391 lato
594 1347 627 1389 se
656 1345 720 1389 esse
748 1326 941 1387 demonstrat
985 1328 1029 1387 sio
1057 1330 1145 1388 etiam
1168 1334 1197 1387 et
1218 1345 1325 1406 passus
1347 1326 1416 1405 apud

456 1441 490 1491 10
508 1432 644 1510 antiquos
671 1426 828 1505 dupliciter
855 1427 960 1489 haberi
988 1428 1137 1490 uidentur.
1183 1431 1294 1490 etenim
1322 1446 1417 1509 passus

508 1534 614 1594 dieitur
643 1530 722 1610 quod
751 1529 867 1591 duobus
896 1530 1046 1609 gressibus
1067 1530 1229 1607 gradiendo
1253 1530 1415 1591 conficitur:

506 1652 610 1715 passus
639 1636 725 1695 etiam
755 1631 863 1692 dieitur
890 1640 1031 1708 quantum
1054 1630 1200 1692 ambobus
1220 1630 1351 1693 brachiis
1373 1650 1416 1691 er·
1480 1689 1482 1706 ,

505 1732 595 1799 tensis
616 1728 695 1797 inter
717 1733 904 1811 longissimos
927 1733 1034 1811 digitos
1056 1739 1108 1794 est.
1147 1739 1238 1794 status
1259 1742 1359 1794 autem
1379 1741 1417 1792 est
1480 1793 1482 1814 Ι

505 1840 593 1900 nnius
615 1838 758 1913 cuiusque
780 1833 912 1895 altitudo.
1002 1882 1007 1889 .

456 1965 488 2013 15
572 1954 621 2016 17.
644 1953 720 2014 lllud
745 1955 852 2013 etenim
876 1953 1028 2015 sciendum
1051 1959 1103 2022 est,
1130 1955 1198 2032 quia
1219 1962 1290 2013 sunt
1305 1970 1416 2015 mensu·
1480 1961 1482 1968 '

506 2076 557 2118 rae
581 2074 655 2134 quae
678 2052 714 2115 ad
737 2054 863 2114 viatores
886 2071 937 2114 seu
961 2055 997 2116 ad
1019 2072 1157 2115 cursores
1171 2056 1332 2133 pertinent.
1368 2054 1416 2114 mi·
1480 2045 1482 2066 ³

505 2158 582 2218 nima
610 2173 680 2236 pars
702 2153 826 2216 stadium
849 2161 908 2226 est,
938 2154 1052 2218 habens
1073 2174 1178 2236 passus
1201 2155 1313 2219 CXXV.
1357 2161 1415 2216 octo

505 2259 597 2322 stadia
613 2257 770 2319 miliarium
786 2257 923 2327 reddunt,
947 2256 1028 2318 mille
1045 2275 1150 2336 passus
1164 2257 1336 2321 habentem.
1364 2257 1415 2317 mi-

504 2360 606 2423 liarius
629 2365 658 2420 et
680 2358 817 2420 dimidius
839 2359 916 2438 qiud
939 2358 1037 2421 Gallos
1058 2360 1173 2420 leuvam
1194 2361 1283 2431 iaeit,
1312 2358 1414 2421 haben·

452 2473 486 2522 20
503 2472 563 2525 tem
591 2479 696 2542 passus
724 2459 803 2522 mille
825 2461 1013 2540 quingentos.
1059 2461 1134 2522 duae
1156 2461 1258 2522 leuvae
1282 2464 1344 2522 sive
1365 2459 1414 2520 mi-

504 2563 580 2625 liarii
602 2572 665 2626 tres
687 2562 765 2641 apud
788 2562 953 2625 Germanos
974 2581 1063 2623 unam
1086 2571 1195 2624 restam
1218 2563 1361 2626 efficiunt.

924 2797 993 2861 138.

806 2917 855 2966 nn
873 2916 1117 2969 Poroselene.

568 3035 595 3096 1.
619 3033 787 3098 Ponderum
810 3053 879 3112 pars
901 3037 1022 3097 minima
1045 3035 1174 3098 calculus
1196 3044 1249 3107 est,
1273 3040 1325 3117 qui
1347 3052 1411 3098 oon·
1480 3034 1482 3089 i

450 3160 484 3208 25
502 3147 559 3202 stat
581 3157 617 3200 ex
640 3137 740 3216 grauis
763 3137 868 3198 eioeris
892 3137 1016 3209 duobus,
1041 3140 1071 3199 el
1091 3139 1168 3217 apud
1192 3140 1335 3218 quosdam
1356 3135 1410 3197 sili-

502 3260 558 3320 qua
586 3243 742 3318 pensante,
772 3257 846 3318 quae
875 3239 969 3300 tribus
998 3241 1099 3318 granis
1120 3241 1225 3302 hordei
1247 3241 1409 3303 declaratur

501 3345 530 3403 iu
553 3342 695 3420 pondere.

501 3477 704 3488 ...-.---——

567 3565 592 3615 2.
610 3560 824 3627 longitudineG
892 3563 915 3611 7.
934 3561 1020 3612 archa
1042 3563 1070 3612 V
1121 3579 1173 3614 noe
1195 3563 1243 3614 Vn
1311 3565 1334 3614 8.
1352 3573 1407 3626 pre·
1480 3540 1482 3549 Ι

499 3648 556 3697 leto
579 3647 626 3697 VG
729 3647 770 3698 15.
790 3646 855 3710 quia
873 3643 947 3709 sunt]
968 3648 1094 3710 quiaster
1115 3647 1142 3699 V
1143 3666 1152 3706 ,·
1171 3650 1300 3714 leyendum
1316 3647 1408 3697 videtur
1480 3706 1482 3711 Ι

500 3732 565 3796 quia
583 3734 646 3780 sunt
665 3734 694 3780 et
762 3733 805 3780 21.
823 3735 926 3780 restam
948 3732 974 3781 V
