3534 4400
364 428 452 517 [141]
469 450 561 493 cautu
573 449 688 492 vunsro
702 448 893 491 cacuminum
904 449 1203 493 accxouoarunnuu.
1229 428 1289 491 143
1374 412 1377 417 ’

434 582 464 645 2.
488 583 644 645 Talentum
673 599 760 644 omne
788 599 872 642 mnas
895 582 1026 643 minasve
1048 600 1115 643 suas
1138 581 1287 663 [circiter]

360 686 521 763 sexaginta
549 683 653 753 hahet,
683 702 752 744 mna
774 700 844 743 vero
868 686 930 744 sive
951 684 1030 743 mina
1054 691 1179 744 stateras
1202 686 1288 763 quiu-

361 805 427 867 que
446 793 475 848 et
489 786 598 865 viginti,
622 793 712 846 stater
734 803 804 846 uero
826 784 982 845 drachmas
997 782 1134 845 holcasve
1150 793 1286 863 quatuor.

362 888 513 949 talentum
536 889 625 967 igitur
648 903 735 946 omne
757 904 841 947 mnas
864 886 1015 964 sexaginta
1036 885 1135 955 habet,
1163 892 1287 963 stateras

366 992 551 1070 quingentos
574 987 708 1057 milanos,
733 986 890 1047 drachmas
911 1005 962 1049 sex
977 985 1108 1048 milenas.
1146 986 1286 1048 drachma
1305 991 1321 1039 5

361 1108 425 1154 sex·
444 1090 557 1157 obolos,
582 1088 687 1150 oholus
710 1088 827 1150 chalcos
849 1098 926 1160 octo,
950 1088 1089 1150 drachma
1112 1106 1184 1167 ergo
1207 1085 1286 1149 chal-

363 1212 419 1255 cos
444 1200 513 1253 octo
536 1198 565 1252 et
587 1190 782 1270 quadraginta
804 1189 903 1252 habet.

432 1309 464 1374 3.
487 1309 644 1371 Talentum
676 1327 747 1387 ergo
764 1311 903 1370 'Atticum
931 1309 1110 1371 Ptolemaico
1137 1308 1286 1371 Antiochi·

362 1432 462 1492 coque
491 1411 648 1493 Syriacove
678 1400 825 1490 pondere,
858 1428 1000 1482 numero,
1035 1410 1174 1472 facultate
1203 1419 1232 1470 et
1258 1412 1286 1469 vi
1388 1408 1393 1417 “

362 1514 448 1575 omni
477 1530 530 1592 par
559 1519 617 1581 est;
647 1512 699 1573 sed
725 1520 868 1593 quantum
891 1512 928 1572 ad
949 1513 1126 1572 numismata
1148 1511 1284 1589 pertinet,
1305 1515 1338 1563 to

360 1614 537 1676 Ptolemaici
567 1613 765 1693 quadruplum
793 1620 852 1683 est,
882 1612 996 1691 Syriaci
1021 1630 1092 1675 vero
1120 1615 1284 1674 tertiarium

361 1717 623 1795 sesquitertiumvc
646 1733 699 1777 seu
721 1699 875 1794 epitritonss
905 1713 997 1774 Turio
1022 1732 1090 1775 vero
1112 1715 1172 1776 sive
1195 1714 1284 1793 Tyrio

360 1836 416 1897 par
443 1824 496 1877 est.

427 1915 459 1978 4.
483 1916 599 1978 Talenti
626 1917 821 1978 diliereutiam
851 1916 928 1979 hanc
956 1924 984 1978 et
1012 1916 1085 1978 aliae
1108 1926 1282 1996 sequuntur,

361 2020 511 2099 siquidem
541 2036 627 2079 mnae
655 2026 685 2080 ct
715 2026 839 2080 stateres
872 2021 950 2080 inter
983 2037 1048 2081 sese
1082 2018 1221 2079 dilierunt
1255 2023 1334 2079 ct15

361 2120 524 2183 drachmae
547 2127 690 2202 quantum
712 2120 831 2183 talenta.

425 2220 457 2286 5.
482 2223 637 2285 Talentum
672 2225 760 2284 etiam
788 2222 939 2300 lignorum
967 2225 998 2283 in
1027 2210 1182 2284 Antiochia
1212 2224 1280 2291 vidi,

362 2325 442 2404 quod
458 2343 526 2386 suas
548 2326 700 2403 sexaginta
722 2342 806 2385 mnas
828 2324 932 2394 habet,
956 2324 1035 2402 quod
1051 2324 1194 2385 talentum
1218 2342 1281 2385 ses·

360 2425 483 2506 euplum
506 2427 566 2487 sive
588 2427 684 2488 sexies
706 2427 799 2486 maius
823 2432 888 2487 erat
909 2424 1042 2505 pondere
1065 2442 1154 2502 quam
1176 2442 1280 2484 numa·

353 2531 453 2604 rium.
1298 2530 1332 2576 20

427 2627 456 2691 6.
480 2629 541 2691 Nec
565 2631 652 2690 etiam
675 2629 732 2689 hoc
754 2645 801 2687 me
823 2627 894 2687 latet
917 2625 1125 2687 drachmarum
1147 2627 1280 2705 ipsarum

361 2731 465 2810 plnres
487 2748 551 2792 esse
573 2730 769 2798 dillcreutias;
792 2725 940 2789 Deliacam
956 2728 1045 2797 enim,
1067 2728 1278 2804 Aegineticam

362 2832 508 2912 Rhodiam
522 2829 720 2893 Ptolemaicae
735 2827 935 2910 quincuplam,
958 2820 1113 2889 Nesiacam
1128 2846 1198 2888 vero
1213 2844 1281 2889 sex·

364 2933 481 3014 cupiam
505 2950 570 2994 esse
593 2932 664 2992 scio.

426 3050 455 3112 7.
479 3051 573 3111 Attica
595 3067 667 3128 ergo
690 3049 832 3110 utendum
855 3056 899 3110 est
921 3049 1033 3129 quo'ad
1048 3049 1165 3128 pondus
1180 3054 1209 3109 et
1223 3066 1278 3109 nu·
1298 3051 1331 3098 25

363 3155 511 3224 mismata,
540 3151 685 3230 siqnidem
714 3137 847 3229 pondere
877 3158 906 3211 et
933 3148 1071 3212 facultate
1100 3152 1160 3211 sive
1183 3148 1280 3210 valore

364 3253 480 3315 ltahcae
501 3270 556 3332 par
580 3259 632 3323 est,
657 3270 733 3330 quae
751 3251 891 3313 denarius
905 3259 1041 3322 uocatur3
1065 3250 1185 3330 plurimi
1201 3252 1279 3312 enim

363 3372 442 3418 nunc
469 3354 532 3416 iere
559 3356 589 3414 in
617 3353 754 3414 omnihus
782 3352 882 3414 ltalica
911 3359 1043 3414 utuntur.
1088 3369 1156 3413 mna
1183 3353 1279 3412 Attica

365 3473 434 3535 ergo
468 3461 592 3518 stateras
622 3456 753 3536 quinque
783 3461 812 3516 et
839 3455 941 3533 viginti
967 3453 1072 3527 habet,
1105 3452 1179 3514 libra
1208 3471 1278 3513 voro

364 3554 460 3618 Italica
483 3563 607 3619 stateras
629 3564 756 3637 quatuor
778 3565 808 3616 et
822 3557 935 3634 viginti.
973 3572 1110 3616 mnarum
1125 3574 1196 3616 vcro
1212 3573 1278 3616 cae·
1296 3574 1329 3622 30

364 3707 564 3720 ——-

428 3813 470 3866 23.
487 3811 690 3863 Ptolemaicam
708 3812 763 3869 uo,-
790 3813 899 3862 correxi
914 3826 949 3862 ιω
968 3810 1067 3861 Graeco
1085 3817 1209 3860 contextu
