3534 4400
383 1215 456 1281 108.
479 1215 563 1278 EM.
576 1214 711 1278 Terentii
719 1214 872 1379 73333313
887 1217 926 1277 13
938 1216 1170 1297 iinpuuLutiou
1186 1218 1265 1283 libro
1279 1218 1305 1280 V
1349 1308 1354 1315 .

745 1317 774 1399 (1
798 1315 944 1399 9-174).
1462 1322 1464 1326 ’

450 1438 543 1515 Mults
568 1454 712 1533 pecuniae
737 1455 867 1533 signatae
889 1453 1030 1517 vocabule
1053 1463 1130 1517 sunt,
1174 1459 1353 1519 3331331133

384 1557 503 1635 argenti
524 1555 613 1617 bees:
637 1572 669 1617 33
691 1555 728 1616 31)
751 1573 829 1617 3333.
874 1554 1042 1635 dupondius
1056 1574 1073 1616 3
1089 1556 1206 1619 duobus
1228 1577 1302 1636 pon·

385 1656 523 1727 deribus,
553 1656 632 1736 3331
661 1675 754 1718 unum
776 1656 894 1736 pondus
916 1657 1116 1735 assipondium
1139 1657 1336 1726 dicebamini,

382 1759 416 1820 id
438 1759 522 1828 ideo,
547 1758 626 1837 quod
649 1775 681 1820 33
704 1764 768 1819 eret
789 1756 865 1818 libre
886 1757 1013 1835 pondus.
1058 1758 1165 1820 deinde
1188 1758 1224 1819 31)
1248 1777 1302 1835 33-

383 1878 471 1922 mero
492 1858 641 1939 reliquum
663 1860 773 1921 dictum
796 1859 948 1939 usquead
971 1860 1125 1928 centussis,
1148 1862 1302 1923 3133313-

384 1959 485 2041 guleri
505 1978 646 2033 numero,
670 1960 707 2022 31)
730 1959 826 2021 tribus
847 1960 964 2024 essibus
984 1963 1094 2032 tressis,
1118 1963 1210 2024 etsie
1232 1980 1302 2040 pro·

383 2062 525 2143 portione
546 2080 640 2142 usque
662 2062 698 2122 31
721 2063 867 2124 33333313.
912 2063 942 2125 13
966 2062 1086 2125 denario
1105 2082 1229 2126 numero
1246 2065 1355 2125 113333

384 2170 495 2236 mutet,
519 2164 598 2244 quod
620 2164 750 2244 primum
772 2172 816 2228 est
838 2164 875 2226 31)
899 2164 1002 2228 13333
1025 2164 1138 2228 essibus
1161 2166 1301 2236 decussis,
1323 2168 1354 2218 10

384 2267 552 2329 secundum
585 2266 621 2327 31)
656 2265 772 2328 duobus
800 2267 975 2329 decussibus
1002 2267 1134 2330 bieessis.
1189 2269 1304 2346 relique

384 2369 574 2438 conveniunt,
598 2369 677 2448 3331
701 2374 753 2437 331,
777 2376 810 2429 31
831 2370 972 2440 31333313,
995 2367 1188 2449 proportione
1210 2388 1304 2449 33333

383 2469 425 2530 31
455 2471 612 2539 centussis,
644 2488 703 2548 333
730 2471 826 2531 maius
853 2471 931 2532 aeris
952 2471 1106 2548 proprium
1129 2469 1304 2538 vocabulum

383 2588 448 2632 333
476 2577 529 2632 est.
560 2588 642 2634 ‘nem
671 2572 790 2632 ducenti
818 2578 848 2632 et
876 2573 918 2631 sic
946 2571 1137 2648 proportione
1163 2570 1304 2648 333311-

383 2678 512 2742 cuntur,
544 2690 603 2733 non
631 2675 726 2752 magis
748 2690 829 2734 esses
851 2690 938 2751 quam
962 2671 1076 2734 denarii
1098 2670 1207 2733 aliaeve
1230 2691 1303 2752 quse
1323 2673 1356 2723 15

383 2791 438 2837 res
460 2774 672 2853 significentur.

454 2945 482 2994 1.
506 2940 533 3008 3]
556 2944 591 2994 31)
615 2945 664 2994 Pri
748 2945 773 2994 6.
797 2943 887 3010 pondo
911 2945 1059 2995 Munienses.
1080 2944 1169 2998 Gescd.
1188 2945 1213 2994 d.
1233 2944 1304 2998 Rem.

384 3029 694 3092 11113333193313.
714 3032 748 3079 75
850 3030 873 3079 7.
898 3028 1032 3094 reliquum
1059 3028 1161 3079 dictum
1184 3043 1232 3078 oni.
1258 3029 1306 3077 Pri

439 3100 597 3166 centussem
615 3114 666 3163 Pii
720 3117 752 3163 ut
769 3126 801 3162 33
818 3111 953 3178 singulari
971 3127 1082 3164 numero
1101 3127 1147 3163 om.
1167 3113 1216 3162 Pri
1233 3112 1306 3176 (pro-

383 3197 431 3248 dat
448 3197 503 3263 Spe
518 3215 547 3262 p.
567 3196 616 3261 13)
687 3214 704 3248 3
721 3204 781 3248 onte
800 3198 938 3264 singulari
955 3199 1015 3250 odd.
1034 3198 1060 3248 N
1134 3199 1174 3248 10.
1194 3197 1304 3248 decursis

385 3283 415 3332 N
484 3285 524 3336 11.
544 3282 690 3334 deensibus
707 3284 735 3333 N
802 3282 906 3333 bicesis
918 3283 953 3347 N,
971 3281 1088 3332 vicessis
1106 3283 1155 3331 Pri
1187 3283 1305 3348 post-bi-

388 3367 477 3418 333313
487 3366 515 3416 F
524 3367 552 3416 N
566 3369 628 3422 edd.
648 3366 719 3433 3331
737 3367 794 3418 1131
810 3367 901 3418 solum
920 3366 1042 3430 (solitum
1064 3365 1184 3430 Turneb.)
1205 3380 1222 3415 3
1240 3367 1306 3417 duo-

388 3450 441 3500 bus
458 3450 622 3503 decuesibus
639 3451 699 3516 (osn.
711 3451 749 3519 N)
766 3451 890 3503 binensis
910 3450 1039 3516 (bicessie
1056 3454 1096 3501 oet
1112 3450 1232 3517 bigessis
1251 3451 1304 3515 31131

388 3537 431 3586 12.
451 3535 582 3588 tricensis
594 3537 623 3589 N
688 3539 729 3591 13.
745 3543 807 3603 poet
824 3537 962 3588 centussis
978 3537 1081 3587 codices
1097 3537 1228 3587 Proiciunt
1243 3539 1305 3587 add.

389 3620 462 3684 quod
480 3624 509 3671 et
524 3621 638 3673 Persius
660 3622 794 3686 ostendit,
823 3623 861 3672 Et
884 3625 995 3672 centum
1018 3619 1140 3672 (insecus
1163 3637 1219 3672 uno
1243 3637 1306 3672 een-

388 3708 466 3757 tusse
484 3705 598 3771 licetur»,
617 3723 682 3773 quae
700 3723 750 3758 non
766 3708 874 3772 scripsit
890 3709 945 3771 ipse
962 3706 1112 3758 Priscianus
1130 3703 1196 3771 (Sps
1211 3723 1239 3770 p.
1258 3705 1305 3770 13)

459 3786 523 3855 333]
543 3790 615 3856 3331
631 3791 659 3841 N
730 3792 770 3842 15.
788 3791 899 3842 elisere
918 3786 1002 3856 3333]
1023 3789 1151 3855 31133333
1169 3791 1218 3840 Pri

427 3887 533 3925 333133.
553 3889 675 3926 ursos.
694 3891 727 3928 11.
1132 3871 1155 3935 4
