3534 4400
457 379 515 453 ,16
783 398 1027 441 eaoxsoounna
1043 400 1076 439 ns

473 536 573 613 quibus
589 536 648 592 addi
665 544 783 609 possunt
800 536 851 591 alia
867 533 996 591 vocabula
1014 534 1149 607 permulta
1167 550 1235 607 quae
1251 539 1396 607 posterio-

474 622 513 679 ris'
525 621 635 695 quidem
650 623 746 676 aetatis
758 621 898 693 scriptori,
916 618 1026 675 minime
1041 636 1105 675 vero
1118 618 1199 675 Balbo
1215 620 1395 688 conveniant,

474 716 505 763 ut
520 710 662 762 minutiae
677 704 716 776 (1.
736 704 798 776 10),
814 705 971 760 character
991 700 1051 774 (12,
1066 721 1117 777 pro
1133 702 1230 775 nota),
1248 704 1395 759 medietas

476 790 554 866 (15),
572 788 624 847 alia
640 790 666 845 id
682 806 777 861 genus.

538 874 616 942 Quod
632 875 655 930 si
671 873 734 948 quis
748 873 845 947 utique
866 872 966 929 librum
987 872 1020 929 de
1042 890 1104 929 asse
1118 872 1200 928 Balbo
1222 872 1286 927 velit
1303 871 1396 927 vindi·

474 975 546 1032 care,
567 960 590 1013 is
605 958 703 1019 dixerit
713 958 834 1014 forsitan
849 973 908 1014 eam
925 955 989 1013 libri
1005 957 1120 1013 formam
1137 956 1249 1030 quaein
1267 955 1397 1012 manibus

475 1052 518 1101 est
529 1045 651 1116 spuriam
668 1057 728 1097 esse
744 1050 771 1097 et
786 1043 959 1116 depravatam
975 1040 1111 1115 exaliqua
1127 1050 1205 1115 parte
1216 1040 1292 1096 Balbi
1308 1056 1396 1113 expo·

474 1129 583 1185 sitioais
598 1143 671 1183 nune
685 1126 800 1200 perdita.
827 1129 863 1182 bt
878 1127 903 1182 si
916 1125 1097 1201 probabiliter
1113 1143 1195 1199 supra
1212 1126 1245 1181 de
1257 1124 1304 1181 illo
1315 1122 1397 1179 Balbi

475 1227 559 1285 opere
577 1211 713 1284 disputavi
731 1209 760 1282 (S
779 1210 866 1282 112),
888 1227 1020 1285 quaenam
1042 1227 1107 1284 pars
1126 1211 1187 1267 eius
1211 1208 1396 1283 expositionis

474 1295 565 1352 allerri
581 1312 663 1370 posse
679 1294 802 1367 videtur,
818 1296 864 1352 ubi
878 1295 978 1352 Balbus
994 1303 1042 1351 aut
1058 1310 1088 1351 ea
1105 1310 1174 1368 quae
1190 1296 1303 1351 nuncin
1319 1292 1396 1349 libro

474 1381 507 1436 de
528 1396 590 1436 asse
605 1378 722 1451 legimus
738 1388 785 1436 aut
799 1387 874 1437 certe
893 1380 991 1436 similia
1009 1380 1166 1451 tradiderit,
1189 1394 1258 1452 quae
1274 1395 1327 1434 non
1341 1379 1397 1434 mi·

476 1481 527 1520 nus
549 1482 564 1519 a
583 1464 819 1521 demonstratione
837 1464 1003 1537 geometrica
1019 1480 1098 1538 quam
1118 1463 1151 1521 ab
1166 1472 1224 1519 arte
1241 1462 1396 1537 gromatica

377 1609 381 1617 ,
476 1548 561 1605 aliena
586 1549 659 1605 sinti
694 1548 792 1605 Verum
812 1565 847 1605 ne
869 1551 896 1605 ia
916 1550 960 1605 his
981 1548 1185 1607 ultramodum
1206 1550 1397 1619 immoremur,

475 1650 537 1691 curn
553 1633 776 1707 exploratumsit
789 1642 817 1689 et
833 1650 892 1689 eam
910 1634 1025 1690 sormam
1042 1632 1105 1688 libri
1121 1649 1191 1706 quae
1207 1641 1295 1691 exstat
1308 1629 1396 1687 Balbo

477 1719 561 1774 tribui
576 1735 632 1774 non
647 1735 746 1792 posse,
758 1727 793 1782 ‚et
808 1735 893 1774 unum
910 1721 969 1775 eius
985 1718 1025 1774 rei
1041 1733 1101 1773 esse
1116 1725 1257 1774 auctorem
1272 1716 1396 1787 calvum,

476 1804 523 1875 qui
540 1819 607 1857 usus
623 1819 684 1857 esse
700 1802 807 1859 videtur
830 1803 877 1859 illo
901 1802 994 1859 codice
1015 1807 1163 1858 Areeriano
1181 1795 1396 1875 nobilissimo⁹),

475 1885 548 1942 unde
567 1892 595 1941 el
616 1886 690 1942 Balbi
714 1888 893 1960 expositionis
916 1887 1023 1952 initium
1048 1895 1076 1941 et
1098 1885 1149 1942 alia
1176 1888 1396 1959 gromatieorum

475 1970 577 2043 scripta
599 1969 670 2025 edita
692 1979 757 2026 sunt
779 1970 995 2026 abachmanno:
1020 1971 1082 2025 iude
1106 1971 1239 2044 suspicari
1255 1970 1320 2027 lieet
1334 1968 1396 2027 tal-

475 2070 538 2109 vum
553 2054 581 2108 ia
597 2054 692 2112 eodem
708 2054 811 2125 codiee,
827 2071 907 2128 quern
925 2055 990 2111 olim
1006 2054 1156 2128 pleniorem
1173 2055 1257 2111 luisse
1273 2062 1395 2125 constat,

393 2192 402 2204 f
476 2129 613 2193 invenisse
629 2138 729 2193 librum
745 2138 777 2194 de
794 2135 855 2195 asse
870 2138 947 2195 nullo
962 2140 1083 2195 auctoris
1100 2139 1181 2194 titulo
1195 2138 1304 2204 affixum
1316 2138 1396 2195 Balbi

477 2224 657 2296 expositionis
682 2222 823 2297 reliquiis,
849 2222 881 2281 ae
908 2243 969 2282 cum
994 2225 1080 2298 ip'sam
1108 2224 1306 2298 expositionem
1335 2233 1396 2280 tum

477 2308 556 2363 edere
573 2324 628 2365 non
645 2316 754 2381 posset,
778 2310 806 2364 in
825 2309 980 2382 praesentia
996 2309 1152 2366 exhibuisse
1168 2311 1395 2366 commentarium

476 2392 510 2448 de
531 2407 608 2462 asse,
630 2408 710 2466 quem
732 2410 794 2449 cum
813 2393 992 2468 expositionis
1014 2402 1120 2467 partem
1142 2410 1203 2451 esse
1221 2395 1397 2469 opinaretur,

476 2477 539 2532 inde
559 2479 680 2533 auctoris
701 2479 811 2534 nomine
831 2480 951 2554 repetito
973 2479 1135 2534 inscriberet
1153 2479 1258 2534 Balbus
1275 2480 1315 2534 ad
1331 2479 1396 2535 Cel-

476 2579 539 2618 sum
556 2561 592 2617 de
610 2578 675 2618 asse
690 2571 742 2618 eet.
992 2576 994 2578 ·

534 2663 633 2719 Verum
654 2663 729 2738 quod
745 2663 828 2722 Balbo
850 2664 1058 2722 abiudicandum
1083 2680 1143 2720 esse
1158 2680 1303 2722 censemus
1320 2665 1397 2722 huno

475 2749 509 2802 de
532 2765 592 2804 asse
613 2748 729 2818 librum,
751 2749 861 2805 minime
878 2746 1002 2804 *eiusdem
1024 2748 1088 2805 libri
1110 2750 1302 2806 auctoritatem
1317 2740 1397 2806 rolri-

476 2847 536 2885 mus
548 2830 707 2902 infringere.
732 2832 805 2887 -Nam
821 2832 927 2888 maximi
940 2841 986 2890 est
1004 2834 1134 2890 momenti
1151 2834 1183 2890 ad
1199 2851 1255 2890 rem
1271 2850 1397 2892 numma-

475 2915 543 2970 riam
559 2914 657 2969 saeculi
673 2917 765 2987 tertii,
787 2916 858 2973 sicut
880 2931 966 2990 supra·
983 2916 1199 2975 demonstratum
1221 2927 1272 2975 est.
1304 2921 1397 2991 atque

477 2998 572 3054 eodem
594 2998 702 3054 saeculo
723 3007 769 3055 aut
794 3002 883 3074 ipsum
901 3003 974 3058 huno
994 3002 1095 3058 librum
1118 3003 1250 3078 scriptum
1271 3020 1330 3062 esse
1347 3021 1398 3060 ue·

477 3099 553 3140 cesse
573 3091 617 3138 est
633 3092 681 3139 aut
698 3083 860 3158 ampliorem
878 3087 1025 3159 quendam,
1048 3088 1120 3144 unde
1141 3089 1185 3146 hie
1205 3097 1301 3162 postea
1321 3105 1399 3144 conr·

476 3168 627 3224 mentarius
650 3168 677 3224 in
698 3169 808 3231 brevius
830 3179 989 3228 contractus
1011 3173 1062 3227 sit:
1084 3189 1145 3229 narn
1167 3182 1266 3247 quarto
1285 3172 1397 3230 sne‘oulo

476 3259 624 3325 postquam
639 3252 834 3311 Constantinus
858 3273 928 3312 nova
950 3257 1069 3313 omnium
1095 3275 1270 3314 nummorum
1296 3272 1397 3330 genera

477 3354 508 3392 ac
522 3337 644 3393 rationes
659 3337 788 3410 instituit,
804 3355 883 3396 nemo
899 3357 931 3397 ea
945 3341 1123 3400 commentari
1138 3343 1231 3417 potuit
1245 3359 1314 3417 quae
1326 3342 1399 3414 legi·

477 3438 536 3476 mus
552 3423 579 3477 in
595 3422 695 3479 boeda
711 3440 772 3480 asse
788 3423 891 3481 libello.
1293 3473 1296 3479 .
1337 3445 1343 3454 ·

545 3686 571 3750 9)
591 3687 624 3738 V.
646 3688 805 3741 Mommsen.
829 3692 858 3741 in
883 3691 1004 3741 Gromat.
1024 3692 1052 3741 11
1075 3709 1099 3758 p.
1126 3693 1173 3742 151
1197 3692 1260 3744 eoll.
1285 3693 1395 3748 Blumio

382 3777 387 3786 ³
476 3753 546 3808 ibid.
565 3770 591 3818 p.
610 3759 625 3806 6
645 3772 680 3807 sa.
