3534 4400
477 407 484 416 ⁸
533 499 535 504 Ι
621 490 627 495 ,
647 443 850 487 scarrnoans
866 446 1032 490 Romanoa.
1257 428 1293 491 ll

366 584 407 642 ad
428 589 555 639 nostram
578 589 694 638 aetatem
716 578 896 655 pervcnit¹⁰):
920 583 1037 657 quodsi
1059 575 1147 641 totum
1163 593 1294 657 exstaret,

365 667 539 725 haberemus
554 667 733 739 geometriam
749 666 783 721 ab
797 665 919 723 Romano
939 668 1048 723 bomine
1063 684 1151 743 eoque
1166 671 1295 726 eruditis·

365 752 447 809 simo
470 751 654 825 conscriptam
678 767 710 807 ac
730 751 884 825 videremus
900 752 1038 809 Romanos
1061 752 1153 826 paullo
1169 754 1251 811 altius
1267 756 1294 811 in

366 853 436 894 eam
452 836 591 891 scientiam
607 836 794 910 penetravisse
806 852 887 909 quam
898 835 981 908 vulgo
994 844 1121 911 putatum
1145 854 1218 896 nunc
1229 855 1293 895 vero

366 929 486 995 praeter
511 921 558 977 has
586 921 712 976 minimas
731 919 806 975 Balbi
832 920 964 993 reliquias
988 922 1056 977 nihil
1084 922 1158 995 quod
1183 923 1293 995 dignum

366 1005 459 1061 laude
472 1005 509 1060 sit
523 1012 612 1061 exstat
626 1004 722 1060 latino
739 1021 865 1060 sermone
881 1004 916 1060 de
932 1010 1084 1079 geometria
1100 1008 1243 1080 scriptum.

440 1090 561 1163 Benique
575 1089 609 1145 de
625 1088 749 1146 lontibus
770 1089 891 1145 breviter
911 1090 1055 1148 dicendum
1077 1099 1136 1160 est,
1158 1092 1229 1148 unde
1245 1109 1293 1147 sua

367 1174 536 1229 derivaverit
550 1172 659 1230 Balbus.
696 1174 821 1230 ilienon
842 1172 909 1229 satis
932 1184 974 1231 est
989 1176 1022 1231 ad
1037 1175 1174 1231 Euclidem
1190 1176 1293 1232 referre

366 1258 458 1314 verba
478 1257 590 1315 Romani
611 1260 770 1332 scriptoris,
792 1258 867 1314 velut
887 1258 968 1317 haec:
1005 1261 1125 1333 Siquam
1147 1268 1188 1316 est
1210 1266 1293 1317 cuias
1331 1274 1332 1279 ’

363 1360 448 1414 pars
463 1344 546 1398 nulla
563 1350 621 1412 est,
643 1344 735 1397 Linea
753 1354 796 1401 est
814 1345 965 1417 nopsiaco
981 1351 1044 1401 siae
1060 1346 1231 1415 latitudine,
1255 1348 1291 1402 tr·-

369 1442 450 1483 aeae
472 1434 568 1483 comm
585 1430 659 1497 fiaes
676 1434 779 1501 cipum
802 1445 872 1501 quae
889 1446 954 1486 sane
970 1446 1098 1503 expressa
1114 1439 1179 1487 sunt
1195 1446 1292 1486 secun·

367 1511 447 1569 aum·
455 1511 609 1568 Euclidem:
633 1513 680 1568 sed
701 1513 785 1568 alium
800 1521 941 1586 praeterea
957 1522 1098 1571 auctorem
1114 1514 1228 1571 adscisci
1244 1532 1292 1570 ne·

367 1611 455 1655 cesse
469 1605 527 1667 est,
547 1596 684 1653 Heronem
701 1597 771 1654 dico.
807 1598 890 1654 Cuius
906 1597 928 1653 si
951 1598 1124 1655 definitiones
1140 1606 1167 1653 et
1183 1614 1293 1670 geome-

371 1683 447 1739 triae
467 1682 575 1736 initium
596 1679 684 1738 oculis
704 1679 922 1755 perlustramus,
950 1683 1072 1755 insignes
1100 1681 1293 1739 similitudines

366 1765 602 1839 deprehendimus
618 1782 679 1822 oum
693 1766 747 1829 hac
755 1764 830 1820 Balbi
842 1766 1022 1839 expositione.
1053 1766 1101 1821 His
1113 1767 1199 1838 igitur
1212 1764 1293 1821 Grae·

366 1852 417 1908 cis
437 1849 619 1924 scriptoribus
640 1868 671 1907 ac
692 1850 811 1906 sortasse
832 1849 893 1905 aliis
915 1849 1077 1923 quibusdam
1098 1852 1125 1905 in
1148 1848 1292 1906 scribendo

369 1934 446 1991 libro
468 1950 537 1989 usus
557 1942 600 1989 est
619 1933 735 2003 Balbus,
757 1949 875 2008 quorum
897 1943 1124 2007 praeceptarum
1147 1934 1293 2006 diligenter

367 2020 464 2075 animo
480 2021 673 2092 percepisset,
690 2018 753 2074 inde
773 2018 858 2091 elegit
873 2035 905 2074 ea
921 2034 990 2093 quae
1005 2019 1159 2075 necessaria
1175 2036 1237 2075 esse
1252 2022 1291 2075 vi·

368 2104 504 2160 derentur
523 2102 557 2159 ad
572 2105 669 2159 civium
690 2119 804 2160 suorum
826 2120 906 2159 usum
927 2121 959 2160 ac
982 2113 1037 2158 tum
1054 2104 1181 2160 Graecam
1205 2113 1292 2161 artem

368 2187 547 2264 amplificavit
561 2188 744 2245 Romanorum
761 2190 976 2262 gromaticorum
993 2188 1145 2262 disciplina.

612 2337 653 2386 De
670 2336 751 2386 Balbi
766 2351 939 2386 mensurarum
958 2335 1051 2385 tabula.

436 2426 537 2482 Balbus
556 2432 703 2500 postquam
724 2426 903 2499 praelationis
925 2425 957 2482 ad
977 2425 1084 2481 Celsum
1110 2425 1191 2482 finem
1213 2426 1356 2496 lecit,113

367 2526 452 2584 erqo,
470 2509 571 2583 inquit,
587 2525 624 2565 ae
639 2511 710 2581 qaid
720 2526 774 2565 eos
787 2515 965 2582 praeterisse
981 2511 1145 2579 videamur,
1164 2514 1292 2568 omnium

366 2611 576 2652 mensurarum
596 2595 809 2667 appellationes
830 2593 1026 2664 conseramus.
1067 2609 1135 2648 nam
1152 2611 1291 2662 measure
1343 2654 1346 2658 ,

365 2696 430 2736 aco
452 2691 565 2736 tontum
585 2683 644 2735 isto
665 2681 702 2734 de
721 2696 786 2756 quo⁸
807 2681 951 2751 loquimar
979 2678 1161 2748 appellator,
1190 2678 1242 2733 sed
1266 2689 1294 2734 ct

366 2765 516 2838 quidquid
533 2765 666 2836 pondere
685 2771 737 2819 nat
758 2767 926 2837 capacitate
952 2769 1004 2816 aot
1031 2763 1126 2834 aliqui
1132 2755 1150 2836 ¹)
1177 2764 1292 2834 finitur,

367 2867 539 2905 mensorem
556 2864 647 2921 aeque
654 2844 677 2920 ²)
698 2866 784 2922 qoam
803 2849 1014 2922 lonpitudioem
1034 2849 1184 2918 appellant
1199 2891 1205 2904 .
1223 2889 1229 2902 .
1246 2841 1291 2921 .³).

368 2999 426 3060 Qui
443 2997 500 3048 loci
518 2998 630 3048 dubium
649 3002 691 3046 est
709 3010 774 3045 num
792 3011 887 3046 omnes
907 2995 942 3044 ad
954 2995 1027 3046 hanc
1039 2994 1122 3044 Balbi
1141 2995 1292 3060 expositio-

366 3081 435 3116 nem
448 3066 597 3115 formarum
610 3064 711 3113 referri
722 3062 842 3127 possint;
861 3079 914 3112 nec
928 3063 1076 3128 quidquam
1088 3063 1211 3127 impedit,
1226 3078 1293 3126 quo·

367 3135 462 3183 minus
481 3132 612 3194 Balbum,
631 3132 720 3180 virum
737 3131 767 3179 in
785 3136 846 3180 arte
864 3131 1021 3196 gromatica
1039 3131 1200 3195 principem,
1221 3129 1291 3180 alios

365 3204 520 3266 praeterea
538 3198 636 3249 similis
655 3198 812 3263 argumenti
829 3196 917 3247 lihtos
936 3199 1085 3262 scripsisse
1104 3201 1269 3247 statuemus.

440 3267 489 3331 10)
512 3269 652 3318 Desinunt
673 3265 758 3315 Balbi
782 3266 963 3330 expositionis
981 3264 1117 3328 reliquiae
1136 3280 1162 3329 p.
1182 3267 1240 3326 107,
1259 3267 1291 3323 9;

366 3351 436 3386 nam
464 3349 556 3400 pauca
580 3350 652 3399 quae
675 3334 705 3382 in
727 3333 807 3382 libris
830 3335 944 3398 insuper
968 3332 1105 3382 adduntur
1127 3333 1187 3381 iure
1211 3334 1291 3382 uncis

365 3403 532 3454 interclusit
544 3402 749 3452 Lachmannus.
773 3401 899 3466 Apparet
918 3405 1010 3450 autem
1023 3399 1142 3448 Balbum
1160 3399 1209 3449 illo
1228 3399 1290 3450 loco

365 3487 426 3522 non
442 3469 518 3520 ultra
536 3471 627 3536 prima
644 3470 736 3534 operis
755 3469 797 3517 sui
815 3469 897 3518 initia
914 3482 1088 3532 progressum
1108 3482 1178 3519 esse.

439 3535 470 3603 1)
493 3537 539 3588 Sic
562 3536 709 3587 emendavi
726 3536 858 3585 librorum
876 3536 1043 3600 scripturam
1061 3535 1150 3596 animi,
1169 3535 1242 3584 unde
1261 3534 1291 3584 in

365 3605 436 3658 aliis
449 3606 558 3655 factum
569 3606 661 3668 animo,
675 3604 748 3669 quod
759 3604 893 3669 repetivit
904 3601 1027 3655 Isidorus
1041 3601 1125 3665 (infra
1138 3603 1172 3650 ir.
1187 3604 1291 3666 123,1).

439 3675 455 3722 2
485 3673 564 3722 Libri
582 3687 597 3722 e
648 3709 654 3721 .
1226 3722 1229 3729 ,

439 3673 467 3804 33
484 3688 709 3805 Punctaqlpbsui,
735 3740 863 3804 quoniam
887 3737 932 3787 hic
958 3733 1094 3802 quaedam
1112 3736 1289 3786 intercidisse

364 3807 508 3859 videntur.
545 3807 626 3857 (loni.
646 3807 709 3858 adn.
728 3810 753 3860 5.
