3534 4400
496 430 518 497 6
818 452 1062 495 rnonaooumtn
1076 453 1111 493 ru

495 592 604 649 toribus
628 590 729 667 Fluviis
753 591 892 663 vitamque
920 589 1048 663 perduxit
1079 588 1112 643 ad
1142 589 1249 645 Traiani
1280 596 1417 663 tempora.

494 678 578 733 Cuius
593 694 608 732 e
624 675 701 731 libris
718 676 876 749 gromaticis
898 674 965 730 varii
986 673 1039 729 loci
1056 672 1177 746 excerpti
1200 681 1328 744 exstant,
1351 691 1419 747 quo·

494 778 554 817 rum
577 762 655 833 prior
675 777 740 833 pars
761 761 896 815 instructa
918 765 962 815 est
977 759 1172 813 commentario
1189 758 1298 831 Aggeni
1315 758 1417 814 Urbici.

493 846 523 900 ln
539 844 624 901 altera
640 852 729 900 autern
746 851 840 916 parte,
863 859 934 916 quae
949 860 980 898 ex
1002 842 1072 898 libro
1089 841 1214 897 l'routini
1230 842 1355 898 secundo
1373 860 1418 898 ex·

493 939 588 1003 cerpta
610 945 671 984 esse
694 928 827 997 traditur,
850 927 969 1001 primum
990 927 1049 1000 agit
1070 927 1192 999 scriptor
1213 926 1246 981 dc
1267 926 1417 999 limitibus,

493 1022 577 1091 atque
592 1013 629 1070 ibi
652 1012 689 1085 (p.
707 1011 758 1084 30)
779 1012 813 1067 (le
829 1020 909 1081 actu,
925 1014 1039 1083 iugero,
1056 1018 1148 1081 sorte,
1164 1010 1324 1083 agrestibus
1342 1026 1418 1067 men·

493 1100 582 1166 suris,
602 1114 635 1153 ea
650 1098 777 1169 exponit,
799 1113 869 1169 quae
884 1112 935 1151 nos
952 1096 1098 1169 separatim
1114 1095 1247 1151 edidimus
1268 1094 1316 1167 (ir.
1335 1093 1416 1167 112).

556 1181 693 1255 Aequales
708 1181 767 1237 lere
782 1180 917 1236 Frontino
935 1187 1043 1237 constat
1059 1179 1145 1235 luisse
1161 1179 1271 1235 Balbum
1289 1188 1318 1234 et
1334 1178 1418 1253 Hygi·

491 1282 573 1335 num,
589 1267 625 1320 ita
643 1273 748 1334 tamen,
771 1272 803 1320 ut
818 1264 845 1319 hi
861 1263 948 1320 libros
964 1279 1030 1320 suos
1046 1273 1143 1337 postea
1159 1263 1313 1319 scriberent
1336 1279 1417 1337 quam

492 1350 617 1406 l'rontini
639 1348 702 1404 libri
723 1349 790 1405 editi
812 1357 885 1405 sunt.
919 1349 985 1404 Nam
1005 1349 1128 1421 Hyginus
1150 1348 1260 1422 quidem
1282 1365 1353 1403 usus
1375 1354 1417 1404 ast

492 1428 796 1504 l'rontinosauctore').
827 1432 945 1508 Scripsit
965 1441 1056 1488 autem
1078 1432 1201 1506 Hyginus
1224 1432 1258 1488 de
1279 1431 1415 1488 limitibus

445 1523 448 1527 ⁴
493 1526 521 1575 et
535 1518 569 1574 de
585 1517 792 1574 condicionibus
808 1534 937 1591 agrorum
959 1518 1070 1572 incunte
1086 1518 1200 1591 imperio
1217 1518 1328 1573 Traiani
1345 1532 1416 1573 anno

493 1603 550 1657 lere
566 1621 591 1676 p.
603 1602 663 1659 Chr.
680 1620 707 1657 u.
723 1602 776 1657 Clll
783 1596 814 1674 ⁴).
844 1605 936 1676 Atque
951 1602 1044 1658 eadem
1055 1617 1171 1675 prorsus
1183 1600 1314 1657 estBalbi
1329 1609 1414 1669 aetas,

492 1689 540 1761 qui
555 1704 585 1742 se
600 1686 700 1743 librum
716 1704 795 1743 suum
811 1689 1045 1743 consummavisse
1060 1686 1141 1754 dicit,
1157 1693 1308 1759 postquam
1325 1685 1416 1742 Traia·

492 1788 545 1827 nus
560 1774 711 1845 imperator
726 1772 841 1828 victoria
856 1772 962 1828 Daciam
978 1771 1102 1845 proxime
1124 1770 1289 1826 reseraverit
1306 1770 1414 1843 ipsique

491 1872 506 1911 e
523 1854 733 1928 septentrionali
748 1856 829 1929 plaga
844 1872 935 1933 ayruun
949 1857 1007 1911 vice
1023 1855 1141 1911 transire
1156 1850 1354 1927 permiserit⁵).

555 1940 594 1994 Er
608 1938 709 2012 Hygini
724 1939 796 1994 libro
812 1938 849 2013 (p.
868 1939 927 1995 121
946 1938 994 2010 ss.)
1011 1941 1038 1994 in
1055 1939 1104 1994 hac
1119 1938 1283 2017 collectione
1299 1938 1413 2013 repetivi

492 2038 608 2096 eaquae
631 2022 664 2078 de
685 2024 765 2078 variis
787 2040 918 2095 agrorum
940 2024 1076 2078 mensuris
1094 2022 1244 2086 ¹traduntur
1265 2021 1313 2095 (ir.
1332 2019 1413 2101 114),

493 2123 574 2182 quem
590 2107 624 2162 ad
637 2106 730 2163 locuni
745 2106 938 2163 illustrandum
954 2106 1021 2163 nihil
1037 2108 1081 2163 hic
1091 2106 1242 2163 addendum
1266 2108 1376 2163 videtur
1384 2100 1412 2177 ὓ).

560 2321 589 2385 3)
608 2324 641 2372 V.
659 2323 831 2372 Lachmann.
850 2323 923 2386 Hp.
945 2325 1003 2372 139.

560 2390 588 2456 4)
608 2389 685 2442 Oonf.
706 2404 740 2439 ea
758 2405 829 2453 quae
854 2390 1050 2440 Lachmannus
1073 2407 1099 2454 p.
1120 2392 1167 2440 139
1193 2389 1316 2454 collegit.
1353 2387 1410 2440 Pri·

494 2473 566 2508 mum
585 2462 696 2509 constat
717 2458 824 2522 Hygini
846 2457 948 2508 librum
970 2463 1033 2522 post
1054 2457 1131 2522 prius
1155 2457 1258 2507 bellum
1276 2458 1411 2508 Dacicum

493 2527 626 2591 scriptum
655 2541 728 2575 esse.
762 2525 849 2576 Porro
867 2527 987 2575 sirecte
1017 2527 1175 2590 suspicatur
1203 2524 1409 2583 Lachmannus

494 2595 565 2659 quod
595 2595 740 2659 provincia
769 2593 861 2643 Dacia
889 2593 924 2643 ab
949 2593 1059 2657 Hygino
1090 2603 1145 2642 nort
1175 2593 1409 2646 commemoretur,

493 2662 638 2726 scripsisse
657 2661 774 2711 eundem
793 2667 858 2711 ante
871 2659 976 2710 bellum
988 2661 1125 2709 Dacicum
1144 2659 1271 2721 alterum,
1292 2661 1351 2710 fere
1369 2671 1409 2708 re·

392 2746 396 2760 .
492 2729 630 2792 linquitur
652 2743 739 2776 annus
763 2731 821 2778 103.
858 2729 960 2777 Verum
986 2729 1097 2776 etiamsi
1120 2728 1203 2776 istam
1222 2727 1410 2776 coniecturam

494 2795 527 2844 de
551 2796 697 2860 provincia
719 2795 810 2842 Dacia
832 2809 887 2843 non
915 2798 1129 2844 commemorata
1158 2793 1285 2857 reiioias,
1316 2794 1410 2857 utique

491 2863 546 2911 hoc
562 2877 658 2910 verum
680 2865 775 2910 manet
798 2861 848 2910 sub
867 2860 984 2910 Traiani
1000 2861 1118 2926 imperio
1135 2860 1236 2910 librum
1255 2861 1411 2913 confectum

493 2943 565 2981 esse.
963 2967 968 2979 .

560 2995 587 3059 5)
606 2995 668 3045 Non
685 2996 746 3059 ipso
765 2996 889 3058 nomine,
909 2995 958 3044 sed
976 2995 1087 3044 omnino
1105 2995 1151 3046 vel
1163 2998 1351 3046 sacratissimus
1368 2996 1410 3043 im-

488 3072 600 3128 perator
619 3062 656 3128 (p.
675 3065 717 3124 92,
737 3062 773 3127 7),
791 3062 837 3113 vel
855 3065 978 3112 satanianos
996 3065 1138 3126 imperator
1157 3061 1196 3126 (p.
1209 3066 1255 3123 93,
1270 3062 1296 3126 t)
1317 3058 1409 3127 appel·

491 3132 566 3182 latur
584 3131 735 3191 Traianus;
759 3145 812 3179 nee
831 3135 926 3178 tamon
944 3129 1057 3179 dubium
1075 3145 1137 3180 esse
1155 3130 1277 3190 videtur,
1303 3131 1369 3194 quin
1386 3126 1409 3174 is

492 3200 579 3249 fuerit
591 3199 743 3258 Traianus,
764 3213 818 3246 uon
830 3197 1019 3262 Domitianus,
1039 3198 1117 3248 cuius
1136 3200 1248 3262 praeter
1260 3198 1409 3247 Traianum
1434 3225 1438 3234 ·

492 3266 628 3316 rationem
650 3264 809 3314 habendam
833 3279 894 3315 esse
917 3269 991 3315 recte
1011 3264 1107 3314 scribit
1124 3265 1309 3316 Mommsenus
1328 3263 1408 3326 (Gro-

492 3340 561 3382 mat.
572 3334 601 3385 II
612 3348 640 3398 p.
654 3333 723 3395 147).
758 3332 818 3382 lam
837 3347 899 3382 cum
917 3334 1014 3382 statim
1032 3335 1095 3398 post
1112 3333 1260 3384 victoriam
1273 3332 1409 3382 Dacicum

491 3401 607 3452 redierit
619 3400 724 3450 Balbus
743 3415 776 3450 ac
794 3400 894 3450 deinde
914 3415 1005 3450 annno
1025 3401 1116 3465 spatio
1135 3401 1236 3450 librum
1255 3395 1408 3450 confecerit

491 3465 531 3534 (p.
550 3472 596 3531 93,
616 3468 658 3532 6),
682 3472 763 3534 prout
784 3468 860 3534 prius
887 3474 935 3518 aut
953 3467 1071 3517 alterum
1088 3467 1194 3518 bellum
1210 3469 1348 3518 Dacicum
1365 3465 1406 3514 in·

491 3535 680 3602 tellegenrlum
703 3540 759 3600 est,
785 3537 851 3585 anni
874 3536 1067 3601 relinquuntur
1089 3537 1163 3586 inter
1187 3537 1236 3586 102
1255 3540 1283 3586 et
1302 3535 1349 3586 106
1367 3532 1407 3580 in·

495 3609 615 3654 euntem.

559 3671 585 3735 6)
608 3670 680 3721 Vidn
703 3670 748 3735 tle⁸
762 3672 897 3722 mensuris
923 3671 957 3720 ab
976 3671 1089 3736 Hygino
1109 3670 1220 3720 traditis
1238 3639 1406 3719 Budorifinm

490 3740 519 3788 in
539 3739 662 3790 Gromat.
681 3738 735 3791 vol.
754 3740 783 3789 ΙΙ
800 3755 827 3804 p.
845 3741 904 3791 282.
922 3740 973 3788 421
993 3743 1021 3788 et
1039 3753 1090 3788 nos
1107 3739 1137 3787 in
1155 3736 1264 3787 Metrol.
1283 3753 1310 3802 p.
1324 3735 1373 3786 286
1385 3746 1406 3782 a.

489 3807 548 3856 288.
584 3808 738 3857 Praeterea
761 3807 795 3857 de
820 3808 959 3872 scriptura
981 3807 1127 3856 verborum
1149 3806 1253 3869 passim
1279 3805 1405 3867 corrupta
