3534 4400
490 338 550 403 106
637 362 677 401 ux
700 358 822 402 rainoni
843 360 1118 403 nruuouooranuu
1138 359 1254 400 ninius.
1336 335 1406 418 [123]

550 491 601 555 41.
630 494 672 553 [ie
694 492 783 563 mari,
806 493 844 552 de
866 488 986 571 hydria,
1010 493 1046 553 de
1068 510 1174 571 cypro,
1198 492 1236 551 de
1260 490 1407 550 choenice.

487 597 577 656 maris
607 596 687 655 idem
710 594 788 673 quod
812 612 919 671 cypros
941 611 1080 654 mensura
1104 601 1148 654 est
1169 591 1250 669 apud
1275 591 1408 651 Ponticae
1466 645 1468 674 ς

488 698 657 778 provinciae
680 696 832 765 homines,
856 712 933 773 quae
955 696 1087 755 continet
1108 694 1228 773 hydrias
1244 693 1332 753 duas,
1363 692 1409 769 hy·
1466 719 1468 742 :

488 798 550 859 dria
575 817 644 859 vero
668 797 745 874 apud
770 814 820 857 eos
836 804 880 855 est
895 796 1093 856 sextariorum
1115 794 1234 869 decem,
1258 796 1301 854 ita
1324 802 1358 853 ut
1378 794 1411 851 sit
1466 791 1468 810 '

454 913 470 962 5
489 901 579 961 maris
607 898 745 977 idemque
774 914 881 975 cyprus
903 895 956 956 XX
978 897 1175 965 sextariorum
1198 894 1410 956 Alexandrino

488 1019 566 1062 rum.
611 1017 719 1079 cyprus
752 997 830 1076 apud
862 997 984 1057 eosdem
1014 997 1155 1059 Ponticos
1188 1005 1232 1059 est
1264 996 1411 1058 seminum

489 1118 628 1163 mensura
657 1100 820 1168 siccorum,
851 1116 944 1177 capax
966 1098 1139 1178 hydriarum
1160 1100 1304 1168 duarum,
1336 1095 1410 1157 idem

490 1204 647 1263 continens
670 1202 786 1261 minora
810 1200 906 1261 modia
929 1201 1005 1268 duo,
1029 1219 1106 1279 quae
1128 1200 1207 1280 apud
1222 1218 1275 1261 eos
1291 1198 1410 1260 choeni·

492 1322 558 1364 cum
583 1302 740 1381 quinorum
765 1319 829 1363 esse
845 1302 993 1362 dicuntur.
1023 1302 1150 1362 choenix
1165 1321 1236 1363 vero
1258 1300 1341 1379 apud
1366 1317 1412 1359 eos

440 1419 471 1467 10
489 1405 549 1465 duo
579 1406 703 1465 sextaria
727 1405 880 1473 continet,
908 1404 949 1463 ita
971 1410 1004 1463 ut
1025 1404 1062 1462 sit
1084 1421 1193 1482 cyprus
1215 1404 1411 1463 sextariorum

489 1506 551 1566 XX.
598 1524 664 1566 nam
697 1506 814 1567 modius
844 1522 948 1565 eorum
971 1505 1065 1564 maior
1088 1506 1287 1565 sextariorum
1309 1502 1366 1563 XX
1387 1507 1413 1560 et

490 1607 545 1669 llll
568 1626 660 1687 capax
683 1616 736 1671 est.

553 1724 605 1786 42.
644 1727 686 1787 De
716 1724 854 1786 collutho.
900 1723 1046 1785 coliathus
1068 1732 1113 1785 cst
1135 1725 1214 1803 apud
1237 1725 1330 1803 Syros
1352 1740 1409 1781 me·

494 1827 574 1887 dium
598 1829 651 1887 sati
673 1829 704 1886 in
727 1826 859 1904 liquidis,
883 1826 966 1904 quod
988 1833 1032 1886 est
1055 1828 1251 1885 sextariorum
1273 1824 1391 1885 xxiiii.

439 1962 471 2011 15
553 1942 604 2005 43.
634 1944 676 2004 De
700 1944 860 2022 congiario.
898 1944 1081 2021 congiarium
1097 1962 1236 2006 mensura
1260 1952 1304 2004 est
1327 1942 1409 2022 liqui·

489 2046 611 2113 dernm,
637 2046 720 2107 cuius
743 2054 772 2105 et
794 2063 841 2105 res
862 2044 950 2132 simui
973 2051 1003 2105 et
1025 2064 1135 2107 nomen
1158 2064 1174 2105 a
1196 2046 1338 2105 Romanis
1361 2063 1408 2122 po·

488 2149 579 2210 situm
604 2153 728 2243 constat.
773 2146 943 2207 hanovere
966 2164 1136 2208 mensuram
1159 2148 1188 2208 in
1211 2147 1408 2225 descriptione

489 2251 681 2310 historiarum
706 2251 785 2310 circa
807 2247 922 2328 singula
944 2255 1079 2328 tempora
1102 2257 1161 2309 tam
1180 2248 1300 2310 Eusehii
1324 2264 1407 2328 quam

489 2353 614 2413 aliorum
638 2353 689 2430 qui
711 2350 813 2412 similis
835 2351 1011 2412 exstiterunt
1025 2353 1168 2411 materiae
1190 2351 1407 2429 conscriptores

437 2470 471 2518 ao
490 2455 602 2532 poteris
624 2455 767 2515 invenire.
816 2465 819 2472 ’

491 2704 561 2768 123.
592 2704 644 2766 Ec
659 2705 779 2768 isidori
794 2706 1049 2786 etymolopt'arum
1066 2704 1146 2767 libro
1159 2703 1219 2766 XV
1231 2713 1328 2784 caput
1340 2702 1404 2766 XV.

669 2856 727 2910 XV.
764 2857 813 2906 DE
832 2856 1020 2908 MENSURIS
1037 2857 1228 2909 AGRORUM.

554 2991 582 3053 1.
613 2992 751 3053 Mensura
778 2999 822 3053 est
844 2993 985 3072 quidquid
1008 2993 1140 3071 pondere
1164 2996 1324 3072 capacitate
1346 2994 1403 3054 ion·

490 3095 622 3172 gitudine
638 3092 790 3153 altitudine
808 3093 961 3165 latitudine
975 3097 1134 3172 animoque
1151 3095 1260 3155 finitur.
1282 3098 1405 3155 maiores

439 3214 472 3263 25
492 3198 589 3273 itaque
612 3194 716 3255 orbem
739 3196 769 3254 iu
792 3194 940 3274 partibus,
964 3204 1063 3275 partes
1085 3199 1115 3256 in
1138 3197 1318 3275 provinciis,
1342 3214 1404 3275 pro·

492 3298 600 3357 vincias
622 3298 650 3356 in
675 3296 859 3374 regionibus,
884 3299 1023 3375 regiones
1045 3299 1074 3359 in
1097 3297 1186 3367 locis,
1209 3297 1274 3358 loca
1297 3301 1329 3358 in
1351 3307 1403 3358 ter·

557 3537 582 3584 3.
602 3549 654 3596 que
668 3534 692 3582 A
762 3535 786 3586 6,
805 3534 972 3599 ponticusA
1041 3535 1067 3588 8.
1086 3535 1176 3598 queA
1246 3536 1271 3584 9.
1290 3535 1402 3600 quinque

489 3618 564 3669 Lern
631 3618 772 3667 coenixA
843 3619 885 3668 13.
906 3615 1024 3667 collatus
1042 3619 1144 3669 ALeM

559 3720 601 3769 23.
620 3718 748 3787 quicquid
767 3718 828 3768 Bco
914 3721 957 3768 26.
980 3716 1122 3786 regiones]
1145 3720 1298 3784 Regiouibs
1316 3721 1341 3769 Α
