3534 4400
495 418 536 482 74
820 438 914 480 nmen
932 439 974 481 nn
988 435 1086 503 ,assu
1239 404 1258 413 ⁴*
1339 415 1414 498 [tto]
1481 188 1491 450 ι

493 588 564 651 pars
591 570 638 631 illa
667 587 743 649 quae
772 581 816 631 est
843 568 1092 639 semunrideunx‚
1121 570 1153 630 in
1180 568 1335 646 frequenti
1363 586 1414 630 usu
1490 574 1492 726 Ι

493 689 552 731 non
583 682 642 739 est,
670 672 750 733 unde
773 671 976 732 characterem
998 686 1058 730 non
1081 668 1252 747 habetque
1278 668 1415 747 designe-

494 779 551 833 tur.
569 770 699 853 [13.]as
721 789 793 850 ergo
816 769 907 831 hahet
928 787 1020 832 unum
1042 769 1203 839 deuncem,
1225 787 1326 830 unum
1349 769 1416 829 dex·
1490 799 1491 836 ι

493 878 619 943 tantem,
650 889 741 934 unum
764 870 955 939 dodrantem,
978 888 1069 931 unum
1092 869 1225 939 bessem,
1251 887 1351 931 uuum
1373 889 1418 931 se·
1472 855 1491 942 'J

461 978 643 1051 optumam,
665 970 740 1033 duos
761 972 908 1039 semisses,
931 969 1007 1031 duos
1028 972 1219 1049 quincunces,
1242 979 1309 1032 tres
1327 972 1418 1031 trien·
1490 969 1491 1032 l

493 1082 552 1143 tes,
577 1078 704 1151 quatuor
725 1070 920 1149 quadrantes,
942 1088 994 1132 sex
1015 1079 1178 1140 sextantes,
1201 1078 1268 1133 octo
1293 1089 1417 1134 sescun·
1490 1077 1491 1082 ’

495 1175 564 1242 cias,
588 1171 744 1234 duodecim
765 1173 879 1232 uncias.
904 1169 986 1253 [14.]
1010 1181 1039 1232 et
1061 1174 1146 1234 uncia
1169 1171 1264 1233 ablata
1289 1172 1331 1233 de
1354 1188 1416 1233 asse

482 1280 630 1334 ¹remanet
644 1273 756 1343 deunx,
777 1272 891 1333 sublata
908 1274 994 1333 uncia
1010 1272 1047 1334 de
1062 1273 1177 1334 deunce
1193 1280 1331 1335 remanet
1346 1271 1416 1333 dex-

452 1424 468 1449 ,
494 1380 575 1441 tans,
610 1372 725 1435 sublata
756 1374 843 1434 uncia
871 1374 909 1433 de
934 1372 1074 1439 dextante
1104 1381 1239 1435 remanet
1271 1372 1414 1440 dodrans,

446 1484 478 1535 10
496 1475 611 1536 sublata
642 1474 728 1536 uncia
756 1474 793 1535 de
822 1473 967 1535 dodrante
995 1482 1131 1535 remanet
1159 1473 1269 1542 hessis,
1301 1471 1416 1534 sublata

496 1575 583 1637 uncia
612 1574 649 1636 de
675 1574 762 1637 besse
787 1582 923 1637 remanet
951 1583 1096 1654 septunx,
1123 1572 1237 1637 shblata
1268 1576 1359 1637 uncia
1382 1572 1415 1632 de

492 1659 639 1754 ¹septunce
669 1659 816 1739 remanet'
834 1676 938 1746 semis,
971 1674 1086 1737 sublata
1112 1677 1199 1737 uncia
1228 1676 1266 1736 de
1292 1674 1417 1736 semisse
1491 1719 1492 1732 ,

497 1784 631 1838 remanet
657 1777 823 1855 quincunx,
852 1776 968 1839 sublata
996 1776 1081 1839 uncia
1111 1776 1148 1837 de
1177 1777 1349 1855 quincunce
1371 1792 1416 1833 re·

498 1868 598 1937 manet
619 1878 728 1947 triens,
752 1876 864 1939 sublata
888 1877 974 1938 uncia
997 1876 1034 1938 de
1056 1877 1164 1938 triente
1187 1887 1324 1939 remanet
1347 1892 1416 1954 qua·
1491 1865 1492 1868 ’

447 1984 480 2034 15
498 1977 603 2045 draus,
632 1976 746 2039 sublata
774 1978 860 2037 uncia
884 1977 921 2038 de
944 1978 1108 2062 quadrante
1130 1987 1265 2039 remanet
1285 1984 1415 2041 sextans,

498 2075 610 2137 sublata
634 2079 722 2163 qncia
743 2078 781 2138 de
802 2084 936 2138 sextante
958 2085 1093 2138 remanet
1109 2080 1213 2144 uncia,
1237 2076 1353 2139 sublata
1373 2094 1416 2135 se-

497 2178 614 2238 muncia
638 2176 674 2238 de
696 2184 828 2239 sextante
850 2185 983 2241 remanet
1003 2180 1173 2247 sescuncia,
1197 2178 1254 2241 hoc
1269 2186 1316 2240 est
1332 2176 1415 2240 uncia
1492 2206 1494 2256 q

499 2285 529 2338 et
555 2277 689 2346 dimidia,
719 2276 833 2340 sublata
857 2279 1011 2339 'semuncia
1039 2277 1077 2340 de
1104 2280 1256 2340 sescuncia
1282 2282 1417 2341 remanet
1492 2270 1493 2353 l

498 2380 596 2441 uncia.
773 2435 776 2442 .
1330 2430 1335 2438 .
1492 2368 1493 2379 ³

447 2489 481 2538 20
565 2477 643 2560 [15.]
668 2479 705 2541 Et
726 2482 813 2542 uncia
836 2480 954 2560 quidem
976 2481 1020 2541 sic
1042 2480 1196 2542 dividitur:
1219 2482 1326 2543 unciae
1348 2494 1417 2560 pars

499 2581 555 2642 alla
584 2583 752 2652 semuncia,
779 2579 834 2644 alia
858 2580 970 2649 duella,
1000 2579 1054 2642 alia
1077 2579 1242 2660 siciliquus,
1270 2580 1329 2642 alia
1352 2598 1415 2641 sex·

499 2680 576 2750 tula,
606 2680 660 2742 alia
690 2682 846 2751 drachma,
876 2681 932 2743 alia
960 2681 1150 2750 hemisescla,
1179 2679 1234 2742 alia
1250 2681 1414 2743 tremissis.

500 2781 555 2843 alia
578 2780 725 2860 scripulus
747 2780 950 2860 scrupulusve.
987 2783 1137 2844 semuncia
1158 2782 1278 2859 quidem
1294 2791 1341 2844 est
1356 2797 1415 2841 me·

500 2880 594 2941 dietas
622 2883 739 2951 unciae,
771 2879 867 2943 duella
896 2883 980 2943 tertia
1009 2900 1093 2960 pars,
1121 2881 1273 2959 siciliquus
1302 2888 1413 2960 quarta,

403 2985 405 2989 ’
449 2990 482 3039 25
500 2978 612 3041 sextula
634 2989 725 3052 sexta,
749 2981 891 3043 drachma
906 2990 1016 3049 octava,
1039 2981 1214 3045 hemisescla
1230 2982 1414 3047 duodecima,

500 3082 645 3143 tremissis
668 3082 878 3152 sextadecima,
909 3081 1067 3160 scrupulus
1089 3091 1193 3162 quarta
1217 3091 1246 3144 et
1266 3085 1412 3162 vigesima.

501 3179 583 3264 [ln]
613 3200 720 3260 quare.
737 3184 881 3244 tremissis
913 3185 1043 3245 continet
1058 3183 1246 3263 scrupulum
1275 3192 1305 3247 et
1333 3184 1413 3245 dimi-

501 3283 592 3351 dium,
615 3283 788 3345 hemisescla
811 3283 885 3344 duos
906 3283 1073 3362 scrupulos,
1095 3284 1236 3346 drachma
1256 3292 1329 3355 tres,
1351 3301 1413 3346 sex·

500 3381 560 3444 tula
590 3390 730 3461 quatuor,
760 3384 912 3462 siciliquus
934 3402 1001 3452 sex,
1031 3383 1127 3446 duella
1150 3392 1234 3455 octo,
1265 3384 1413 3448 semuncia

449 3489 483 3537 30
502 3482 668 3553 duodecim,
693 3486 777 3547 uncia
802 3493 931 3566 quatuor
953 3493 983 3545 et
1003 3486 1115 3564 viginti,
1139 3488 1291 3548 sescuncia
1313 3506 1366 3548 sex
1386 3492 1413 3545 et

500 3584 645 3660 triginta„
658 3593 776 3647 sextans
799 3591 865 3645 octo
889 3592 919 3645 et
939 3585 1149 3664 quadraginta,
1173 3587 1322 3667 quadrans
1343 3587 1413 3649 duos

570 3769 594 3818 6.
614 3775 784 3836 quatuorque
802 3771 841 3821 Ilo
911 3769 937 3821 9.
955 3767 1057 3819 dodrix
1074 3770 1112 3821 Ilo
