3534 4400
531 339 593 404 154
815 360 966 400 annuum
986 360 1030 399 en
1042 359 1115 399 von.
1130 361 1152 399 1.

528 490 721 571 γεωμέτραι(
737 490 851 554 ἄκαινο
870 512 933 551 vera
948 496 1085 569 scriptura
1101 495 1285 551 restituenda:
1308 489 1333 553 κ’
1348 490 1394 553 ἐπὶ
1405 485 1426 553 κ’

533 580 647 658 (scilicet
662 576 813 653 ἀκαίνιις),
827 576 930 654 ἤγουν
946 580 998 652 (vel
1013 575 1094 653 ἤτοι)
1108 573 1154 638 κε’
1168 576 1299 653 πλέθρα.
1330 581 1425 653 Reliqua

531 670 633 724 intacta
644 666 785 740 relinquo;
804 685 865 723 narn
881 668 933 722 lioc
947 665 1057 739 quidem
1067 665 1147 722 facile
1163 675 1294 739 apparet,
1311 664 1335 721 si
1351 666 1426 721 eodeni

530 770 628 811 acaena
646 760 728 825 atque
744 760 822 806 antea
845 750 1035 822 intellegatur,
1056 748 1228 805 scribendum
1248 767 1326 806 esse:
1349 745 1427 807 τὸδὲ

530 834 672 911 πλέθρον
687 828 714 894 δ’
727 830 780 893 ἐπὶ
794 828 821 894 δ’
836 829 984 899 ἀκαίνα(;
1005 835 1053 891 sed
1073 835 1152 890 aliam
1174 836 1309 907 quandam
1331 850 1427 891 acaenae

531 939 699 993 mensuram,
720 914 802 991 ὅπερ
823 916 912 993 παρὰ
924 913 1148 978 Πολιιιιτίνοι(
1162 914 1214 977 καὶ
1231 914 1368 992 Ἄραψιν
1388 934 1427 975 ιιι-

530 1005 622 1066 ταῑον
641 1001 796 1075 καλεῖται,
811 1008 932 1078 soriptor
947 1006 1093 1077 fragmenti
1108 1003 1258 1077 significat,
1281 1021 1351 1079 quae
1365 1004 1427 1059 rerba

531 1095 555 1148 si
575 1107 639 1147 sana
660 1097 740 1161 sunt,
762 1087 892 1148 (αταῐον
915 1090 1011 1146 habuit
1026 1089 1074 1161 1¹3
1088 1088 1211 1145 cubitum
1229 1092 1286 1145 sivo
1307 1090 1325 1144 2
1347 1090 1428 1162 pedcs‘,

532 1193 582 1232 neo
596 1185 639 1231 est
653 1175 719 1231 haee
736 1175 843 1248 quidem
866 1177 937 1230 ratio
958 1194 1007 1247 pcr
1026 1191 1056 1230 se
1076 1173 1282 1247 improbabilis,
1301 1174 1353 1229 nisi
1372 1170 1428 1245 quod

459 1322 465 1329 .
531 1258 729 1334 appellationes
746 1253 888 1332 κάλαμοί
902 1269 930 1316 et
945 1252 1059 1318 ἄκαινα
1078 1259 1107 1313 in
1129 1268 1183 1314 tam
1205 1260 1305 1330 exigua
1322 1273 1427 1315 mensura

533 1344 681 1401 ollendunt.
727 1344 779 1401 Sed
804 1352 868 1399 utut
892 1344 946 1400 hoc
973 1356 1031 1419 est,
1059 1347 1113 1400 iam
1141 1360 1332 1415 comparemus
1357 1342 1427 1397 locun

533 1430 726 1486 Sohowiauum
742 1446 804 1485 cum
816 1428 863 1484 illo
880 1430 1034 1502 fragmento
1045 1424 1118 1499 περὶ
1132 1423 1269 1500 μέτρων.
1301 1428 1371 1485 Unde
1384 1435 1427 1481 urla
1467 1463 1469 1472 .

532 1523 576 1570 est
599 1532 677 1570 arura
704 1513 794 1583 133¹,t
813 1512 970 1570 cubitorum
991 1514 1018 1569 in
1043 1510 1205 1570 circuitum?
1242 1512 1316 1569 Sunt
1334 1513 1361 1567 hi
1383 1510 1428 1566 200
1467 1533 1469 1576 ς

529 1601 614 1673 pedes
630 1600 690 1654 etii
707 1600 813 1673 quidem
823 1628 859 1639 -
874 1598 926 1655 hoc
940 1601 1012 1654 enim
1026 1609 1092 1671 peto
1107 1608 1138 1655 ut
1153 1599 1219 1654 mini
1233 1597 1424 1654 concedatur-
1467 1591 1469 1624 ³

531 1683 709 1753 Philetaerei3
728 1701 794 1757 ergo
808 1683 870 1740 240
881 1683 964 1756 pedes
975 1683 1099 1752 Romani,
1110 1692 1139 1739 et
1150 1682 1217 1739 hacc
1227 1683 1358 1739 nimirum
1368 1696 1427 1736 arura

531 1777 574 1824 est
590 1768 701 1842 duplum
717 1771 842 1842 iugerum
858 1769 1005 1825 Romanum
1021 1768 1077 1823 sive
1097 1768 1171 1842 quod
1186 1766 1224 1822 illi
1243 1767 1370 1823 dixerunt
1384 1764 1427 1819 he·

532 1853 674 1909 redium.
711 1853 755 1910 Sic
776 1854 860 1925 igitur
874 1854 1088 1910 demonstratum
1103 1861 1146 1908 est
1160 1861 1274 1926 praeter
1289 1851 1427 1925 Aegyption

531 1954 639 1993 arurarn
656 1938 716 1995 100
729 1936 903 2008 cubitorum,
922 1955 1002 2011 quam
1017 1938 1173 1993 Herodotus
1189 1942 1396 2001 commemorat,
1410 1933 1427 1985 in

531 2020 621 2094 aliqua
642 2023 780 2095 provincia
801 2040 816 2076 a
837 2022 965 2077 Romanis
984 2024 1138 2079 institutam
1156 2039 1216 2078 esse
1237 2022 1320 2078 aliam
1341 2034 1428 2076 arurau

532 2106 604 2161 binis
620 2105 760 2179 iugeribus
776 2102 927 2178 aequalem,
941 2122 1011 2179 quae
1026 2108 1052 2162 in
1071 2125 1166 2163 omnes
1180 2115 1274 2180 partes
1290 2106 1353 2163 240
1365 2102 1428 2177 pedes

532 2190 683 2262 Romanos,
699 2190 828 2265 proprios
843 2198 934 2247 autern
951 2192 1035 2266 pedes
1050 2191 1113 2250 200
1127 2192 1247 2249 liaberet.
1286 2192 1371 2248 liuius
1383 2205 1429 2243 aru·

532 2293 578 2332 rae
591 2279 618 2331 in
633 2275 829 2332 consuetudine
843 2276 952 2333 illorum
969 2277 1174 2352 provincialium
1189 2278 1273 2332 luisse
1286 2277 1328 2333 25
1345 2283 1428 2348 portes.

532 2379 601 2435 quae
621 2361 745 2434 singulae
766 2360 808 2418 40
822 2360 906 2436 pedes
929 2364 1057 2436 proprios
1077 2365 1104 2418 iu
1124 2362 1286 2436 quadratum
1306 2361 1428 2417 haherent.

531 2463 618 2520 eaque
638 2441 761 2520 πλέθρα
780 2446 913 2520 appellata
935 2463 1005 2503 esse.
1046 2447 1086 2501 Ac
1108 2447 1233 2503 videnlur
1256 2449 1341 2503 etiarn
1367 2443 1428 2498 iidcu

533 2531 712 2606 provinciales
737 2531 799 2587 hina
820 2534 880 2588 eius
901 2533 973 2587 modi
993 2530 1102 2606 plelhra
1121 2525 1269 2603 ἰούγερον
1290 2522 1428 2603 plepem

532 2617 671 2690 legitimi
664 2617 751 2689 iugeri
768 2616 960 2686 similitudine,
983 2617 1056 2690 quod
1075 2616 1171 2683 habuit
1188 2618 1242 2672 duo
1260 2614 1367 2688 plethra
1382 2609 1428 2666 Phi·

532 2701 649 2757 letaerea
657 2698 874 2839 ,appellavisse;
897 2703 938 2756 sio
952 2702 1023 2756 euini
1037 2702 1152 2757 emendo
1171 2700 1251 2757 verba
1268 2699 1323 2757 vol.
1339 2699 1386 2770 lp
1398 2692 1427 2749 ili

533 2793 614 2840 ertu:
633 2779 698 2859 ἔχει
712 2775 819 2856 δὲὴἄ
821 2797 924 2857 ρουροι
940 2782 999 2860 (pro
1017 2779 1139 2859 κουρία)
1155 2778 1286 2858 ἰούγεριι
1302 2776 1389 2856 μικρὰ
1400 2789 1423 2842 tl

535 2864 587 2942 (hic
604 2879 646 2924 est
662 2887 695 2924 ex
713 2868 910 2925 consuetudine
932 2870 1074 2943 scriptoris
1096 2866 1231 2926 rotundus
1251 2884 1378 2925 numerus
1391 2877 1429 2936 pro

534 2945 572 3026 ιβ
572 2952 611 3024 5).
572 2953 692 3009 §Sed
708 2953 790 3027 haec
811 2961 843 3008 ut
864 2955 933 3024 dini,
956 2957 1045 3011 tenuit
1058 2955 1264 3030 provincialium
1280 2971 1362 3015 usus;
1378 2944 1428 3021 quil

533 3054 597 3094 vero
618 3038 732 3095 Romani
755 3037 825 3114 ipsi?
852 3055 948 3097 arurae
973 3048 1067 3115 partes
1090 3039 1197 3095 easdem
1219 3038 1363 3094 voluerunt
1382 3045 1428 3087 esse

533 3139 601 3197 quas
622 3124 649 3179 in
668 3125 793 3198 Aegypto
817 3122 996 3180 instituerunt
1015 3124 1108 3198 ibique
1129 3117 1302 3196 cnoplpouc
1316 3112 1428 3194 pottou

532 3207 738 3281 appellaverunt
756 3206 829 3284 (139
845 3204 909 3303 ss.);
932 3217 1039 3267 nonnul
1060 3208 1127 3266 tales
1148 3210 1255 3265 modios
1271 3203 1383 3264 salerios
1398 3202 1429 3254 iu·

532 3309 629 3365 gerum
646 3294 740 3351 haliuit
757 3304 829 3366 tres,
852 3293 892 3350 sio
912 3294 976 3350 huic
991 3309 1087 3350 arurae
1103 3290 1182 3367 (quae
1196 3301 1305 3350 constat
1318 3286 1402 3346 hinis'
1396 3299 1428 3338 111·

534 3375 655 3453 genibus)
683 3379 842 3437 tribuuntur
871 3395 917 3433 sex
943 3373 1062 3452 (ατίβαι
1084 3379 1139 3434 sive
1162 3372 1261 3436 cottiot
1282 3377 1337 3432 sive
1355 3363 1428 3431 (dtu

524 3476 604 3534 Λ(ιιιιιιι
626 3481 705 3521 voces
729 3465 826 3521 ductae
843 3479 904 3518 esse
920 3463 1046 3520 videntur
1060 3479 1085 3518 e
1089 3462 1193 3519 Latinis
1207 3467 1318 3520 sativae
1333 3467 1359 3515 et
1375 3460 1428 3511 sola

534 3549 659 3619 cognatis
679 3549 718 3606 illi
738 3549 821 3606 modii
838 3547 1013 3622 appellationi
1028 3564 1098 3622 quae
1116 3565 1213 3622 graece
1234 3541 1400 3619 (πόριμοί
1392 3552 1426 3591 ιθ

534 3640 589 3688 nat.
620 3634 739 3710 Denique
756 3632 895 3708 legimus'
888 3650 915 3688 in
932 3633 1027 3690 eodem
1041 3634 1195 3706 lragmento
1214 3632 1332 3728 quinque
1348 3635 1426 3683 arunas
1467 3654 1469 3669 ι

533 3712 563 3786 (l
580 3720 842 3796 e.10lugerasive
859 3718 900 3775 30
915 3717 1019 3773 modios
1037 3716 1167 3790 salerios)
1186 3717 1305 3774 effecisse
1320 3699 1424 3778 inurit,
