<?xml version="1.0" encoding="UTF-8"?>
<!DOCTYPE html PUBLIC "-//W3C//DTD XHTML 1.0 Transitional//EN"
    "http://www.w3.org/TR/xhtml1/DTD/xhtml1-transitional.dtd">
<html xmlns="http://www.w3.org/1999/xhtml" xml:lang="en" lang="en">
 <head>
  <title>
</title>
<meta http-equiv="Content-Type" content="text/html;charset=utf-8" />
  <meta name='ocr-system' content='tesseract 3.04.00' />
  <meta name='ocr-capabilities' content='ocr_page ocr_carea ocr_par ocr_line ocrx_word'/>
</head>
<body>
  <div class='ocr_page' id='page_1' title='image "./metrologicorums00hultgoog_0181.png"; bbox 0 0 3534 4400; ppageno 0'>
   <div class='ocr_carea' id='block_1_1' title="bbox 408 1202 1197 1292">
    <p class='ocr_par' dir='ltr' id='par_1_1' title="bbox 408 1202 1197 1292">
     <span class='ocr_line' id='line_1_1' title="bbox 408 1202 1197 1292; baseline 0.004 -5"><span class='ocrx_word' id='word_1_1' title='bbox 408 1203 690 1288; x_wconf 79' lang='lat' dir='ltr'>ADDENDA</span> <span class='ocrx_word' id='word_1_2' title='bbox 715 1202 786 1287; x_wconf 87' lang='lat' dir='ltr'><strong>ET</strong></span> <span class='ocrx_word' id='word_1_3' title='bbox 809 1207 1197 1292; x_wconf 81' lang='lat' dir='ltr'><strong>CORRIGENDA.</strong></span> 
     </span>
    </p>
   </div>
   <div class='ocr_carea' id='block_1_2' title="bbox 750 1393 851 1401">
    <p class='ocr_par' dir='ltr' id='par_1_2' title="bbox 750 1393 851 1401">
     <span class='ocr_line' id='line_1_2' title="bbox 750 1393 851 1401; baseline 0.01 -1"><span class='ocrx_word' id='word_1_4' title='bbox 750 1393 851 1401; x_wconf 51' lang='grc' dir='ltr'><strong>..ῃ</strong></span> 
     </span>
    </p>
   </div>
   <div class='ocr_carea' id='block_1_3' title="bbox 344 1512 1260 1841">
    <p class='ocr_par' dir='ltr' id='par_1_3' title="bbox 406 1512 1030 1588">
     <span class='ocr_line' id='line_1_3' title="bbox 406 1512 1030 1588; baseline 0.002 -18"><span class='ocrx_word' id='word_1_5' title='bbox 406 1514 473 1588; x_wconf 81' lang='lat' dir='ltr'><strong>Peg.</strong></span> <span class='ocrx_word' id='word_1_6' title='bbox 490 1513 529 1571; x_wconf 90' lang='grc'><strong>23</strong></span> <span class='ocrx_word' id='word_1_7' title='bbox 546 1531 584 1569; x_wconf 86' lang='lat' dir='ltr'><strong>vs.</strong></span> <span class='ocrx_word' id='word_1_8' title='bbox 604 1512 642 1581; x_wconf 87' lang='grc'><strong>12</strong></span> <span class='ocrx_word' id='word_1_9' title='bbox 658 1530 708 1587; x_wconf 89' lang='lat' dir='ltr'><strong>pro</strong></span> <span class='ocrx_word' id='word_1_10' title='bbox 727 1522 831 1587; x_wconf 79' lang='lat' dir='ltr'><strong>quarto</strong></span> <span class='ocrx_word' id='word_1_11' title='bbox 846 1514 907 1588; x_wconf 85' lang='lat' dir='ltr'><strong>lege</strong></span> <span class='ocrx_word' id='word_1_12' title='bbox 923 1520 1030 1588; x_wconf 79' lang='lat' dir='ltr'><strong>quinto.</strong></span> 
     </span>
    </p>

    <p class='ocr_par' dir='ltr' id='par_1_4' title="bbox 344 1593 1260 1841">
     <span class='ocr_line' id='line_1_4' title="bbox 409 1593 1259 1677; baseline 0 -21"><span class='ocrx_word' id='word_1_13' title='bbox 409 1598 450 1656; x_wconf 82' lang='grc'><strong>29</strong></span> <span class='ocrx_word' id='word_1_14' title='bbox 466 1599 526 1655; x_wconf 77' lang='lat' dir='ltr'><strong>adn.</strong></span> <span class='ocrx_word' id='word_1_15' title='bbox 542 1598 560 1654; x_wconf 91' lang='grc'><strong>2</strong></span> <span class='ocrx_word' id='word_1_16' title='bbox 579 1606 647 1653; x_wconf 85' lang='lat' dir='ltr'><strong>extr.</strong></span> <span class='ocrx_word' id='word_1_17' title='bbox 672 1597 817 1673; x_wconf 82' lang='lat' dir='ltr'>Inscriptio</span> <span class='ocrx_word' id='word_1_18' title='bbox 833 1599 933 1655; x_wconf 81' lang='lat' dir='ltr'><strong>Graeco</strong></span> <span class='ocrx_word' id='word_1_19' title='bbox 949 1602 977 1655; x_wconf 90' lang='lat' dir='ltr'><strong>in</strong></span> <span class='ocrx_word' id='word_1_20' title='bbox 992 1617 1045 1673; x_wconf 81' lang='lat' dir='ltr'><strong>quo</strong></span> <span class='ocrx_word' id='word_1_21' title='bbox 1059 1593 1200 1673; x_wconf 72' lang='grc' dir='ltr'>κάλαμοί</span> <span class='ocrx_word' id='word_1_22' title='bbox 1218 1603 1259 1677; x_wconf 86' lang='lat' dir='ltr'><strong>in·</strong></span> 
     </span>
     <span class='ocr_line' id='line_1_5' title="bbox 345 1680 1260 1757; baseline 0.009 -20"><span class='ocrx_word' id='word_1_23' title='bbox 345 1685 451 1740; x_wconf 90' lang='lat' dir='ltr'><strong>venitur</strong></span> <span class='ocrx_word' id='word_1_24' title='bbox 467 1692 509 1739; x_wconf 83' lang='lat' dir='ltr'><strong>est</strong></span> <span class='ocrx_word' id='word_1_25' title='bbox 523 1683 675 1739; x_wconf 85' lang='lat' dir='ltr'><strong>Dauliensis</strong></span> <span class='ocrx_word' id='word_1_26' title='bbox 690 1684 761 1757; x_wconf 82' lang='lat' dir='ltr'><strong>apud</strong></span> <span class='ocrx_word' id='word_1_27' title='bbox 777 1682 940 1741; x_wconf 83' lang='lat' dir='ltr'><strong>Boecllrium</strong></span> <span class='ocrx_word' id='word_1_28' title='bbox 952 1684 1005 1740; x_wconf 91' lang='lat' dir='ltr'><strong>vol.</strong></span> <span class='ocrx_word' id='word_1_29' title='bbox 1020 1684 1031 1740; x_wconf 95' lang='lat' dir='ltr'><strong>l</strong></span> <span class='ocrx_word' id='word_1_30' title='bbox 1046 1701 1073 1757; x_wconf 87' lang='lat' dir='ltr'><strong>p.</strong></span> <span class='ocrx_word' id='word_1_31' title='bbox 1086 1684 1163 1742; x_wconf 82' lang='lat'>851:</span> <span class='ocrx_word' id='word_1_32' title='bbox 1179 1680 1260 1745; x_wconf 75' lang='grc' dir='ltr'>ὁδὸ(</span> 
     </span>
     <span class='ocr_line' id='line_1_6' title="bbox 344 1762 1237 1841; baseline -0.001 -14"><span class='ocrx_word' id='word_1_33' title='bbox 344 1764 413 1841; x_wconf 83' lang='grc' dir='ltr'><strong>δὲὴ</strong></span> <span class='ocrx_word' id='word_1_34' title='bbox 430 1762 483 1827; x_wconf 85' lang='grc' dir='ltr'><strong>ἐπὶ</strong></span> <span class='ocrx_word' id='word_1_35' title='bbox 498 1762 555 1826; x_wconf 87' lang='grc' dir='ltr'><strong>τὸν</strong></span> <span class='ocrx_word' id='word_1_36' title='bbox 571 1762 762 1840; x_wconf 87' lang='grc' dir='ltr'>Ἀρχαγὲτην</span> <span class='ocrx_word' id='word_1_37' title='bbox 779 1762 839 1828; x_wconf 79' lang='grc' dir='ltr'>ἕξει</span> <span class='ocrx_word' id='word_1_38' title='bbox 854 1762 977 1826; x_wconf 68' lang='grc' dir='ltr'>πλάτος</span> <span class='ocrx_word' id='word_1_39' title='bbox 990 1762 1151 1841; x_wconf 78' lang='grc' dir='ltr'>καλάμου(</span> <span class='ocrx_word' id='word_1_40' title='bbox 1168 1764 1237 1828; x_wconf 85' lang='grc' dir='ltr'>δύο.</span> 
     </span>
    </p>
   </div>
   <div class='ocr_carea' id='block_1_4' title="bbox 407 1846 1344 1925">
    <p class='ocr_par' dir='ltr' id='par_1_5' title="bbox 407 1846 1344 1925">
     <span class='ocr_line' id='line_1_7' title="bbox 407 1846 1344 1925; baseline -0.001 -14"><span class='ocrx_word' id='word_1_41' title='bbox 407 1852 448 1911; x_wconf 81' lang='grc'><strong>32</strong></span> <span class='ocrx_word' id='word_1_42' title='bbox 465 1852 526 1907; x_wconf 84' lang='lat' dir='ltr'><strong>adn.</strong></span> <span class='ocrx_word' id='word_1_43' title='bbox 544 1852 573 1909; x_wconf 90' lang='lat'><strong>3.</strong></span> <span class='ocrx_word' id='word_1_44' title='bbox 601 1846 806 1925; x_wconf 78' lang='grc' dir='ltr'>Ὁλοεηρικὸν</span> <span class='ocrx_word' id='word_1_45' title='bbox 825 1848 1018 1912; x_wconf 82' lang='grc' dir='ltr'>τκουτλᾶτον</span> <span class='ocrx_word' id='word_1_46' title='bbox 1039 1854 1067 1908; x_wconf 92' lang='lat' dir='ltr'><strong>in</strong></span> <span class='ocrx_word' id='word_1_47' title='bbox 1088 1854 1176 1910; x_wconf 86' lang='lat' dir='ltr'><strong>edicto</strong></span> <span class='ocrx_word' id='word_1_48' title='bbox 1196 1854 1259 1910; x_wconf 82' lang='lat' dir='ltr'><strong>nio·</strong></span> <span class='ocrx_word' id='word_1_49' title='bbox 1337 1854 1344 1868; x_wconf 91' lang='lat'><em>&#39;</em></span> 
     </span>
    </p>
   </div>
   <div class='ocr_carea' id='block_1_5' title="bbox 345 1936 1260 2857">
    <p class='ocr_par' dir='ltr' id='par_1_6' title="bbox 345 1936 1260 2096">
     <span class='ocr_line' id='line_1_8' title="bbox 345 1936 1260 2010; baseline 0.002 -17"><span class='ocrx_word' id='word_1_50' title='bbox 345 1938 454 1993; x_wconf 83' lang='lat' dir='ltr'><strong>cletiani</strong></span> <span class='ocrx_word' id='word_1_51' title='bbox 469 1936 502 1993; x_wconf 91' lang='lat' dir='ltr'><strong>de</strong></span> <span class='ocrx_word' id='word_1_52' title='bbox 517 1944 587 2010; x_wconf 89' lang='lat' dir='ltr'><strong>pret.</strong></span> <span class='ocrx_word' id='word_1_53' title='bbox 603 1954 625 1991; x_wconf 91' lang='lat' dir='ltr'><strong>r.</strong></span> <span class='ocrx_word' id='word_1_54' title='bbox 640 1954 699 1993; x_wconf 87' lang='lat' dir='ltr'><strong>ven.</strong></span> <span class='ocrx_word' id='word_1_55' title='bbox 718 1938 840 1994; x_wconf 77' lang='lat' dir='ltr'><strong>restituit</strong></span> <span class='ocrx_word' id='word_1_56' title='bbox 856 1936 1033 1994; x_wconf 77' lang='lat' dir='ltr'><strong>Conlleilius</strong></span> <span class='ocrx_word' id='word_1_57' title='bbox 1048 1938 1076 1993; x_wconf 95' lang='lat' dir='ltr'><strong>in</strong></span> <span class='ocrx_word' id='word_1_58' title='bbox 1091 1939 1159 1996; x_wconf 87' lang='lat' dir='ltr'><strong>llus.</strong></span> <span class='ocrx_word' id='word_1_59' title='bbox 1170 1939 1260 1995; x_wconf 84' lang='lat' dir='ltr'><strong>Rhcn.</strong></span> 
     </span>
     <span class='ocr_line' id='line_1_9' title="bbox 345 2019 1131 2096; baseline 0.001 -19"><span class='ocrx_word' id='word_1_60' title='bbox 345 2022 398 2077; x_wconf 86' lang='lat' dir='ltr'><strong>XIX</strong></span> <span class='ocrx_word' id='word_1_61' title='bbox 413 2040 440 2096; x_wconf 92' lang='lat' dir='ltr'><strong>p.</strong></span> <span class='ocrx_word' id='word_1_62' title='bbox 458 2019 534 2086; x_wconf 90' lang='grc'><strong>612;</strong></span> <span class='ocrx_word' id='word_1_63' title='bbox 551 2029 579 2077; x_wconf 85' lang='lat' dir='ltr'><strong>et</strong></span> <span class='ocrx_word' id='word_1_64' title='bbox 593 2021 688 2077; x_wconf 81' lang='lat' dir='ltr'><strong>confer</strong></span> <span class='ocrx_word' id='word_1_65' title='bbox 702 2022 778 2078; x_wconf 91' lang='lat' dir='ltr'><strong>locus</strong></span> <span class='ocrx_word' id='word_1_66' title='bbox 795 2024 840 2095; x_wconf 90' lang='lat' dir='ltr'><strong>qui</strong></span> <span class='ocrx_word' id='word_1_67' title='bbox 856 2020 955 2078; x_wconf 88' lang='lat' dir='ltr'>ibidem</span> <span class='ocrx_word' id='word_1_68' title='bbox 970 2022 1131 2079; x_wconf 83' lang='lat' dir='ltr'><strong>afferuntur.</strong></span> 
     </span>
    </p>

    <p class='ocr_par' dir='ltr' id='par_1_7' title="bbox 345 2101 1260 2520">
     <span class='ocr_line' id='line_1_10' title="bbox 408 2101 1259 2180; baseline 0.001 -18"><span class='ocrx_word' id='word_1_69' title='bbox 408 2106 447 2164; x_wconf 82' lang='lat'><strong>39</strong></span> <span class='ocrx_word' id='word_1_70' title='bbox 460 2124 499 2163; x_wconf 87' lang='lat' dir='ltr'><strong>vs.</strong></span> <span class='ocrx_word' id='word_1_71' title='bbox 513 2106 530 2162; x_wconf 84' lang='grc'><strong>7</strong></span> <span class='ocrx_word' id='word_1_72' title='bbox 544 2122 604 2162; x_wconf 91' lang='lat' dir='ltr'><strong>oum</strong></span> <span class='ocrx_word' id='word_1_73' title='bbox 621 2106 718 2180; x_wconf 84' lang='lat' dir='ltr'><strong>scripsi</strong></span> <span class='ocrx_word' id='word_1_74' title='bbox 735 2108 876 2165; x_wconf 83' lang='lat' dir='ltr'><strong>lenissimo</strong></span> <span class='ocrx_word' id='word_1_75' title='bbox 893 2108 1064 2163; x_wconf 77' lang='lat' dir='ltr'><strong><em>discrimine</em></strong></span> <span class='ocrx_word' id='word_1_76' title='bbox 1077 2101 1259 2165; x_wconf 71' lang='lat' dir='ltr'><strong>recentiorem</strong></span> 
     </span>
     <span class='ocr_line' id='line_1_11' title="bbox 346 2188 1260 2267; baseline 0.003 -20"><span class='ocrx_word' id='word_1_77' title='bbox 346 2189 463 2250; x_wconf 70' lang='lat' dir='ltr'><strong>artabrum</strong></span> <span class='ocrx_word' id='word_1_78' title='bbox 484 2190 652 2247; x_wconf 84' lang='lat' dir='ltr'><strong>imminutam</strong></span> <span class='ocrx_word' id='word_1_79' title='bbox 675 2208 750 2262; x_wconf 82' lang='lat' dir='ltr'><strong>esse,</strong></span> <span class='ocrx_word' id='word_1_80' title='bbox 776 2190 926 2266; x_wconf 82' lang='lat' dir='ltr'><strong>significavi</strong></span> <span class='ocrx_word' id='word_1_81' title='bbox 945 2202 979 2250; x_wconf 90' lang='lat' dir='ltr'><strong>et</strong></span> <span class='ocrx_word' id='word_1_82' title='bbox 998 2188 1155 2266; x_wconf 76' lang='lat' dir='ltr'><strong>quintam</strong></span> <span class='ocrx_word' id='word_1_83' title='bbox 1177 2212 1260 2267; x_wconf 81' lang='lat' dir='ltr'><strong>pnr-</strong></span> 
     </span>
     <span class='ocr_line' id='line_1_12' title="bbox 346 2275 1259 2352; baseline 0.003 -22"><span class='ocrx_word' id='word_1_84' title='bbox 346 2285 411 2332; x_wconf 91' lang='lat' dir='ltr'><strong>tem</strong></span> <span class='ocrx_word' id='word_1_85' title='bbox 435 2276 535 2352; x_wconf 88' lang='lat' dir='ltr'><strong>pedis</strong></span> <span class='ocrx_word' id='word_1_86' title='bbox 556 2275 697 2332; x_wconf 79' lang='lat' dir='ltr'><strong>Romani</strong></span> <span class='ocrx_word' id='word_1_87' title='bbox 721 2286 753 2332; x_wconf 85' lang='lat' dir='ltr'><strong>et</strong></span> <span class='ocrx_word' id='word_1_88' title='bbox 775 2294 874 2333; x_wconf 92' lang='lat' dir='ltr'><strong>unum</strong></span> <span class='ocrx_word' id='word_1_89' title='bbox 898 2277 1046 2350; x_wconf 83' lang='lat' dir='ltr'><strong>digitum</strong></span> <span class='ocrx_word' id='word_1_90' title='bbox 1069 2276 1152 2348; x_wconf 86' lang='lat' dir='ltr'><strong>(coni.</strong></span> <span class='ocrx_word' id='word_1_91' title='bbox 1174 2296 1200 2352; x_wconf 87' lang='lat' dir='ltr'><strong>p.</strong></span> <span class='ocrx_word' id='word_1_92' title='bbox 1216 2278 1259 2334; x_wconf 82' lang='lat'><strong>44</strong></span> 
     </span>
     <span class='ocr_line' id='line_1_13' title="bbox 345 2359 1257 2434; baseline 0.007 -22"><span class='ocrx_word' id='word_1_93' title='bbox 345 2378 378 2418; x_wconf 86' lang='lat' dir='ltr'><strong>rs.</strong></span> <span class='ocrx_word' id='word_1_94' title='bbox 399 2360 416 2417; x_wconf 87' lang='lat'>9</span> <span class='ocrx_word' id='word_1_95' title='bbox 433 2381 456 2418; x_wconf 81' lang='lat' dir='ltr'><strong>a.</strong></span> <span class='ocrx_word' id='word_1_96' title='bbox 472 2359 522 2433; x_wconf 77' lang='lat' dir='ltr'><strong>u),</strong></span> <span class='ocrx_word' id='word_1_97' title='bbox 542 2360 568 2416; x_wconf 89' lang='lat' dir='ltr'><strong>id</strong></span> <span class='ocrx_word' id='word_1_98' title='bbox 585 2361 658 2434; x_wconf 90' lang='lat' dir='ltr'><strong>quod</strong></span> <span class='ocrx_word' id='word_1_99' title='bbox 677 2361 723 2416; x_wconf 90' lang='lat' dir='ltr'><strong>hic</strong></span> <span class='ocrx_word' id='word_1_100' title='bbox 743 2362 828 2431; x_wconf 77' lang='lat' dir='ltr'><strong>adulo,</strong></span> <span class='ocrx_word' id='word_1_101' title='bbox 852 2363 981 2434; x_wconf 80' lang='lat' dir='ltr'><strong>quonium</strong></span> <span class='ocrx_word' id='word_1_102' title='bbox 997 2379 1076 2418; x_wconf 87' lang='lat' dir='ltr'><strong>secus</strong></span> <span class='ocrx_word' id='word_1_103' title='bbox 1098 2362 1178 2418; x_wconf 80' lang='lat' dir='ltr'><strong>verba</strong></span> <span class='ocrx_word' id='word_1_104' title='bbox 1197 2380 1257 2418; x_wconf 85' lang='lat' dir='ltr'><strong>mea</strong></span> 
     </span>
     <span class='ocr_line' id='line_1_14' title="bbox 345 2442 777 2520; baseline 0.005 -22"><span class='ocrx_word' id='word_1_105' title='bbox 345 2443 475 2502; x_wconf 83' lang='lat' dir='ltr'><strong>intellexit</strong></span> <span class='ocrx_word' id='word_1_106' title='bbox 490 2444 624 2500; x_wconf 86' lang='lat' dir='ltr'><strong>Christius</strong></span> <span class='ocrx_word' id='word_1_107' title='bbox 638 2463 665 2520; x_wconf 91' lang='lat' dir='ltr'><strong>p.</strong></span> <span class='ocrx_word' id='word_1_108' title='bbox 680 2444 741 2502; x_wconf 84' lang='grc'><strong>452</strong></span> <span class='ocrx_word' id='word_1_109' title='bbox 751 2442 777 2520; x_wconf 86' lang='lat'><strong>¹).</strong></span> 
     </span>
    </p>

    <p class='ocr_par' dir='ltr' id='par_1_8' title="bbox 345 2529 1259 2857">
     <span class='ocr_line' id='line_1_15' title="bbox 406 2529 1259 2603; baseline -0.005 -15"><span class='ocrx_word' id='word_1_110' title='bbox 406 2531 446 2588; x_wconf 87' lang='lat'><strong>58</strong></span> <span class='ocrx_word' id='word_1_111' title='bbox 458 2547 498 2589; x_wconf 91' lang='lat' dir='ltr'><strong>vs.</strong></span> <span class='ocrx_word' id='word_1_112' title='bbox 512 2529 541 2586; x_wconf 89' lang='lat'><strong>3.</strong></span> <span class='ocrx_word' id='word_1_113' title='bbox 563 2529 640 2585; x_wconf 86' lang='lat' dir='ltr'><strong>Licet</strong></span> <span class='ocrx_word' id='word_1_114' title='bbox 656 2545 727 2587; x_wconf 91' lang='lat' dir='ltr'><strong>nuno</strong></span> <span class='ocrx_word' id='word_1_115' title='bbox 742 2530 828 2586; x_wconf 88' lang='lat' dir='ltr'><strong>multo</strong></span> <span class='ocrx_word' id='word_1_116' title='bbox 844 2529 995 2603; x_wconf 81' lang='lat' dir='ltr'><strong>pleniorem</strong></span> <span class='ocrx_word' id='word_1_117' title='bbox 1010 2529 1152 2585; x_wconf 82' lang='lat' dir='ltr'><strong>Pedinsimi</strong></span> <span class='ocrx_word' id='word_1_118' title='bbox 1167 2529 1259 2584; x_wconf 87' lang='lat' dir='ltr'><strong>locum</strong></span> 
     </span>
     <span class='ocr_line' id='line_1_16' title="bbox 347 2613 1257 2688; baseline 0.001 -20"><span class='ocrx_word' id='word_1_119' title='bbox 347 2615 501 2672; x_wconf 81' lang='lat' dir='ltr'><strong>miseribere</strong></span> <span class='ocrx_word' id='word_1_120' title='bbox 522 2615 669 2688; x_wconf 88' lang='lat' dir='ltr'><strong>repetitum</strong></span> <span class='ocrx_word' id='word_1_121' title='bbox 690 2632 705 2669; x_wconf 81' lang='lat' dir='ltr'><strong>c</strong></span> <span class='ocrx_word' id='word_1_122' title='bbox 727 2631 769 2671; x_wconf 90' lang='lat' dir='ltr'><strong>me</strong></span> <span class='ocrx_word' id='word_1_123' title='bbox 790 2631 822 2670; x_wconf 81' lang='lat' dir='ltr'><strong>ex</strong></span> <span class='ocrx_word' id='word_1_124' title='bbox 838 2613 898 2670; x_wconf 82' lang='lat' dir='ltr'><strong>cod.</strong></span> <span class='ocrx_word' id='word_1_125' title='bbox 914 2613 1034 2670; x_wconf 82' lang='lat' dir='ltr'><strong>Gudiano</strong></span> <span class='ocrx_word' id='word_1_126' title='bbox 1053 2613 1096 2668; x_wconf 85' lang='lat' dir='ltr'><strong>Gr.</strong></span> <span class='ocrx_word' id='word_1_127' title='bbox 1113 2613 1131 2670; x_wconf 89' lang='lat'><em>8</em></span> <span class='ocrx_word' id='word_1_128' title='bbox 1152 2613 1257 2683; x_wconf 81' lang='lat' dir='ltr'><strong>inici,</strong></span> 
     </span>
     <span class='ocr_line' id='line_1_17' title="bbox 345 2691 1258 2772; baseline 0.003 -20"><span class='ocrx_word' id='word_1_129' title='bbox 345 2698 390 2756; x_wconf 90' lang='lat' dir='ltr'><strong>ubi</strong></span> <span class='ocrx_word' id='word_1_130' title='bbox 407 2699 454 2757; x_wconf 91' lang='lat' dir='ltr'><strong>lol.</strong></span> <span class='ocrx_word' id='word_1_131' title='bbox 471 2699 502 2756; x_wconf 66' lang='grc' dir='ltr'><strong>δ’</strong></span> <span class='ocrx_word' id='word_1_132' title='bbox 525 2698 592 2756; x_wconf 81' lang='lat' dir='ltr'><strong>hoec</strong></span> <span class='ocrx_word' id='word_1_133' title='bbox 614 2697 758 2772; x_wconf 80' lang='lat' dir='ltr'><strong>leguntur:</strong></span> <span class='ocrx_word' id='word_1_134' title='bbox 782 2693 846 2770; x_wconf 85' lang='grc' dir='ltr'><strong>πρὸ</strong></span> <span class='ocrx_word' id='word_1_135' title='bbox 863 2694 898 2756; x_wconf 77' lang='grc' dir='ltr'><strong>δὲ</strong></span> <span class='ocrx_word' id='word_1_136' title='bbox 915 2695 971 2769; x_wconf 81' lang='grc' dir='ltr'><strong>τῆ(</strong></span> <span class='ocrx_word' id='word_1_137' title='bbox 987 2691 1122 2771; x_wconf 79' lang='grc' dir='ltr'>θεωρία(</span> <span class='ocrx_word' id='word_1_138' title='bbox 1136 2692 1186 2754; x_wconf 85' lang='grc' dir='ltr'><strong>καὶ</strong></span> <span class='ocrx_word' id='word_1_139' title='bbox 1202 2695 1258 2768; x_wconf 82' lang='grc' dir='ltr'><strong>τῆ(</strong></span> 
     </span>
     <span class='ocr_line' id='line_1_18' title="bbox 345 2773 1256 2857; baseline 0.001 -19"><span class='ocrx_word' id='word_1_140' title='bbox 345 2778 599 2857; x_wconf 76' lang='grc' dir='ltr'>καταμετμήεεωε</span> <span class='ocrx_word' id='word_1_141' title='bbox 616 2773 780 2855; x_wconf 83' lang='grc' dir='ltr'>αἰτιάματα</span> <span class='ocrx_word' id='word_1_142' title='bbox 799 2798 870 2841; x_wconf 89' lang='grc' dir='ltr'>τινα</span> <span class='ocrx_word' id='word_1_143' title='bbox 887 2778 937 2840; x_wconf 87' lang='grc' dir='ltr'><strong>καὶ</strong></span> <span class='ocrx_word' id='word_1_144' title='bbox 956 2777 1100 2854; x_wconf 88' lang='grc' dir='ltr'>λήμματα</span> <span class='ocrx_word' id='word_1_145' title='bbox 1114 2778 1256 2856; x_wconf 88' lang='grc' dir='ltr'>προλαμ-</span> 
     </span>
    </p>
   </div>
   <div class='ocr_carea' id='block_1_6' title="bbox 344 2859 1257 3196">
    <p class='ocr_par' dir='ltr' id='par_1_9' title="bbox 344 2859 1257 3196">
     <span class='ocr_line' id='line_1_19' title="bbox 347 2859 1257 2948; baseline 0 -24"><span class='ocrx_word' id='word_1_146' title='bbox 347 2862 492 2942; x_wconf 88' lang='grc' dir='ltr'>βάνομεν.</span> <span class='ocrx_word' id='word_1_147' title='bbox 523 2861 573 2925; x_wconf 77' lang='grc' dir='ltr'><strong>καὶ</strong></span> <span class='ocrx_word' id='word_1_148' title='bbox 589 2861 753 2939; x_wconf 85' lang='grc' dir='ltr'>αἰτιάματα</span> <span class='ocrx_word' id='word_1_149' title='bbox 767 2862 824 2939; x_wconf 87' lang='grc' dir='ltr'><strong>μέν</strong></span> <span class='ocrx_word' id='word_1_150' title='bbox 840 2861 915 2926; x_wconf 85' lang='grc' dir='ltr'>εἰαν</span> <span class='ocrx_word' id='word_1_151' title='bbox 931 2861 1002 2925; x_wconf 84' lang='grc' dir='ltr'>οἷον</span> <span class='ocrx_word' id='word_1_152' title='bbox 1019 2862 1055 2925; x_wconf 88' lang='grc' dir='ltr'><strong>τὸ</strong></span> <span class='ocrx_word' id='word_1_153' title='bbox 1071 2859 1153 2948; x_wconf 80' lang='grc' dir='ltr'>εἶναι</span> <span class='ocrx_word' id='word_1_154' title='bbox 1168 2861 1226 2925; x_wconf 90' lang='grc' dir='ltr'><strong>τὸν</strong></span> <span class='ocrx_word' id='word_1_155' title='bbox 1235 2861 1257 2939; x_wconf 83' lang='lat'><strong>²)</strong></span> 
     </span>
     <span class='ocr_line' id='line_1_20' title="bbox 344 2946 1256 3027; baseline 0.001 -18"><span class='ocrx_word' id='word_1_156' title='bbox 344 2947 554 3027; x_wconf 84' lang='grc' dir='ltr'>γεωμετρικὸν</span> <span class='ocrx_word' id='word_1_157' title='bbox 585 2946 699 3025; x_wconf 85' lang='grc' dir='ltr'>μόδιον</span> <span class='ocrx_word' id='word_1_158' title='bbox 728 2946 1088 3025; x_wconf 78' lang='grc' dir='ltr'>τεααρακοντὰλιτρον,</span> <span class='ocrx_word' id='word_1_159' title='bbox 1120 2947 1171 3009; x_wconf 89' lang='grc' dir='ltr'><strong>καὶ</strong></span> <span class='ocrx_word' id='word_1_160' title='bbox 1197 2946 1256 3024; x_wconf 89' lang='grc' dir='ltr'><strong>τὴν</strong></span> 
     </span>
     <span class='ocr_line' id='line_1_21' title="bbox 348 3029 1255 3111; baseline 0.004 -21"><span class='ocrx_word' id='word_1_161' title='bbox 348 3030 451 3111; x_wconf 81' lang='grc' dir='ltr'>λίτραν</span> <span class='ocrx_word' id='word_1_162' title='bbox 468 3031 552 3110; x_wconf 85' lang='grc' dir='ltr'>ἔχειν</span> <span class='ocrx_word' id='word_1_163' title='bbox 569 3029 700 3109; x_wconf 70' lang='grc' dir='ltr'>ὀργυιὰν</span> <span class='ocrx_word' id='word_1_164' title='bbox 715 3031 821 3106; x_wconf 85' lang='grc' dir='ltr'>πέντε,</span> <span class='ocrx_word' id='word_1_165' title='bbox 836 3032 895 3108; x_wconf 87' lang='grc' dir='ltr'><strong>τὴν</strong></span> <span class='ocrx_word' id='word_1_166' title='bbox 911 3032 946 3094; x_wconf 82' lang='grc' dir='ltr'><strong>δὲ</strong></span> <span class='ocrx_word' id='word_1_167' title='bbox 962 3029 1095 3108; x_wconf 87' lang='grc' dir='ltr'>ὀργυιὰν</span> <span class='ocrx_word' id='word_1_168' title='bbox 1112 3029 1182 3107; x_wconf 85' lang='grc' dir='ltr'>ἤτοι</span> <span class='ocrx_word' id='word_1_169' title='bbox 1195 3031 1255 3094; x_wconf 87' lang='grc' dir='ltr'><strong>τὸν</strong></span> 
     </span>
     <span class='ocr_line' id='line_1_22' title="bbox 344 3115 1255 3196; baseline -0.002 -18"><span class='ocrx_word' id='word_1_170' title='bbox 344 3116 552 3196; x_wconf 86' lang='grc' dir='ltr'>γεωμετρικὸν</span> <span class='ocrx_word' id='word_1_171' title='bbox 572 3115 715 3192; x_wconf 82' lang='grc' dir='ltr'>κάλαμὸν</span> <span class='ocrx_word' id='word_1_172' title='bbox 739 3116 892 3193; x_wconf 75' lang='grc' dir='ltr'>(πιθαμὰτ</span> <span class='ocrx_word' id='word_1_173' title='bbox 919 3115 1028 3180; x_wconf 74' lang='grc' dir='ltr'>κοινὰ(</span> <span class='ocrx_word' id='word_1_174' title='bbox 1049 3115 1162 3180; x_wconf 83' lang='grc' dir='ltr'>ἕνδεκα</span> <span class='ocrx_word' id='word_1_175' title='bbox 1183 3115 1255 3192; x_wconf 84' lang='grc' dir='ltr'>ἤτοι</span> 
     </span>
    </p>
   </div>
   <div class='ocr_carea' id='block_1_7' title="bbox 347 3268 543 3290">
    <p class='ocr_par' dir='ltr' id='par_1_10' title="bbox 347 3268 543 3290">
     <span class='ocr_line' id='line_1_23' title="bbox 347 3268 543 3290; baseline 0 0"><span class='ocrx_word' id='word_1_176' title='bbox 347 3268 543 3290; x_wconf 60' lang='grc' dir='ltr'><strong>“----τ-“</strong></span> 
     </span>
    </p>
   </div>
   <div class='ocr_carea' id='block_1_8' title="bbox 345 3367 1254 3842">
    <p class='ocr_par' dir='ltr' id='par_1_11' title="bbox 348 3367 1254 3570">
     <span class='ocr_line' id='line_1_24' title="bbox 411 3367 1254 3435; baseline -0.002 -15"><span class='ocrx_word' id='word_1_177' title='bbox 411 3369 435 3434; x_wconf 90' lang='grc'><strong>1)</strong></span> <span class='ocrx_word' id='word_1_178' title='bbox 460 3371 506 3422; x_wconf 85' lang='lat' dir='ltr'><strong>Sic</strong></span> <span class='ocrx_word' id='word_1_179' title='bbox 529 3369 587 3420; x_wconf 84' lang='lat' dir='ltr'><strong>solo</strong></span> <span class='ocrx_word' id='word_1_180' title='bbox 612 3370 734 3420; x_wconf 81' lang='lat' dir='ltr'><strong>auctoris</strong></span> <span class='ocrx_word' id='word_1_181' title='bbox 757 3370 865 3420; x_wconf 86' lang='lat' dir='ltr'><strong>nomine</strong></span> <span class='ocrx_word' id='word_1_182' title='bbox 885 3374 914 3420; x_wconf 82' lang='lat' dir='ltr'><strong>et</strong></span> <span class='ocrx_word' id='word_1_183' title='bbox 931 3370 976 3420; x_wconf 90' lang='lat' dir='ltr'><strong>hie</strong></span> <span class='ocrx_word' id='word_1_184' title='bbox 995 3375 1023 3420; x_wconf 85' lang='lat' dir='ltr'><strong>et</strong></span> <span class='ocrx_word' id='word_1_185' title='bbox 1040 3369 1155 3435; x_wconf 82' lang='lat' dir='ltr'><strong>posthac</strong></span> <span class='ocrx_word' id='word_1_186' title='bbox 1177 3367 1254 3418; x_wconf 90' lang='lat' dir='ltr'><strong>illum</strong></span> 
     </span>
     <span class='ocr_line' id='line_1_25' title="bbox 348 3436 1254 3502; baseline 0.003 -19"><span class='ocrx_word' id='word_1_187' title='bbox 348 3439 566 3488; x_wconf 84' lang='lat' dir='ltr'><strong>commentarium</strong></span> <span class='ocrx_word' id='word_1_188' title='bbox 585 3439 672 3489; x_wconf 85' lang='lat' dir='ltr'><strong>citavi</strong></span> <span class='ocrx_word' id='word_1_189' title='bbox 690 3453 742 3502; x_wconf 91' lang='lat' dir='ltr'><strong>quo</strong></span> <span class='ocrx_word' id='word_1_190' title='bbox 762 3437 835 3488; x_wconf 82' lang='lat' dir='ltr'><strong>Guil.</strong></span> <span class='ocrx_word' id='word_1_191' title='bbox 855 3437 992 3488; x_wconf 85' lang='lat' dir='ltr'><strong>Christins</strong></span> <span class='ocrx_word' id='word_1_192' title='bbox 1010 3436 1075 3486; x_wconf 92' lang='lat' dir='ltr'><strong>libri</strong></span> <span class='ocrx_word' id='word_1_193' title='bbox 1092 3437 1173 3486; x_wconf 88' lang='lat' dir='ltr'><strong>huius</strong></span> <span class='ocrx_word' id='word_1_194' title='bbox 1191 3451 1254 3486; x_wconf 87' lang='lat' dir='ltr'><strong>cen-</strong></span> 
     </span>
     <span class='ocr_line' id='line_1_26' title="bbox 348 3504 1213 3570; baseline 0.002 -19"><span class='ocrx_word' id='word_1_195' title='bbox 348 3517 432 3556; x_wconf 71' lang='lat' dir='ltr'><strong>suram</strong></span> <span class='ocrx_word' id='word_1_196' title='bbox 452 3507 510 3569; x_wconf 73' lang='lat' dir='ltr'><strong>egil</strong></span> <span class='ocrx_word' id='word_1_197' title='bbox 527 3505 556 3554; x_wconf 90' lang='lat' dir='ltr'><strong>in</strong></span> <span class='ocrx_word' id='word_1_198' title='bbox 572 3504 751 3556; x_wconf 86' lang='lat' dir='ltr'><strong>Fleckeiseni</strong></span> <span class='ocrx_word' id='word_1_199' title='bbox 769 3505 916 3554; x_wconf 78' lang='lat' dir='ltr'><strong>annalibus</strong></span> <span class='ocrx_word' id='word_1_200' title='bbox 935 3521 960 3555; x_wconf 83' lang='lat' dir='ltr'><strong>a.</strong></span> <span class='ocrx_word' id='word_1_201' title='bbox 981 3506 1046 3556; x_wconf 79' lang='grc'>1866</span> <span class='ocrx_word' id='word_1_202' title='bbox 1064 3521 1090 3570; x_wconf 91' lang='lat' dir='ltr'><strong>p.</strong></span> <span class='ocrx_word' id='word_1_203' title='bbox 1108 3506 1159 3556; x_wconf 86' lang='grc'><strong>433</strong></span> <span class='ocrx_word' id='word_1_204' title='bbox 1177 3519 1213 3554; x_wconf 86' lang='lat' dir='ltr'><strong>ss.</strong></span> 
     </span>
    </p>

    <p class='ocr_par' dir='ltr' id='par_1_12' title="bbox 345 3571 1253 3842">
     <span class='ocr_line' id='line_1_27' title="bbox 408 3571 1252 3638; baseline -0.002 -16"><span class='ocrx_word' id='word_1_205' title='bbox 408 3573 434 3636; x_wconf 85' lang='grc'><strong>2)</strong></span> <span class='ocrx_word' id='word_1_206' title='bbox 451 3571 486 3624; x_wconf 90' lang='grc' dir='ltr'><strong>τὸ</strong></span> <span class='ocrx_word' id='word_1_207' title='bbox 504 3573 591 3623; x_wconf 82' lang='lat' dir='ltr'><strong>hebel</strong></span> <span class='ocrx_word' id='word_1_208' title='bbox 609 3573 667 3624; x_wconf 84' lang='lat' dir='ltr'><strong>cod.</strong></span> <span class='ocrx_word' id='word_1_209' title='bbox 687 3589 726 3638; x_wconf 84' lang='lat' dir='ltr'><strong>gr.</strong></span> <span class='ocrx_word' id='word_1_210' title='bbox 745 3573 922 3622; x_wconf 80' lang='lat' dir='ltr'><strong>Monacensis</strong></span> <span class='ocrx_word' id='word_1_211' title='bbox 938 3575 1003 3635; x_wconf 80' lang='lat'>431,</span> <span class='ocrx_word' id='word_1_212' title='bbox 1023 3586 1127 3637; x_wconf 88' lang='lat' dir='ltr'><strong>ex·quo</strong></span> <span class='ocrx_word' id='word_1_213' title='bbox 1145 3576 1252 3638; x_wconf 84' lang='lat' dir='ltr'><strong>partem</strong></span> 
     </span>
     <span class='ocr_line' id='line_1_28' title="bbox 347 3638 1250 3708; baseline 0.002 -22"><span class='ocrx_word' id='word_1_214' title='bbox 347 3638 401 3689; x_wconf 81' lang='lat' dir='ltr'><strong>eins</strong></span> <span class='ocrx_word' id='word_1_215' title='bbox 417 3639 472 3692; x_wconf 86' lang='lat' dir='ltr'><strong>loci</strong></span> <span class='ocrx_word' id='word_1_216' title='bbox 491 3657 570 3708; x_wconf 90' lang='lat' dir='ltr'><strong>quem</strong></span> <span class='ocrx_word' id='word_1_217' title='bbox 588 3656 672 3706; x_wconf 79' lang='lat' dir='ltr'><strong>supro.</strong></span> <span class='ocrx_word' id='word_1_218' title='bbox 691 3640 824 3704; x_wconf 86' lang='lat' dir='ltr'><strong>exscripsi</strong></span> <span class='ocrx_word' id='word_1_219' title='bbox 847 3639 934 3689; x_wconf 78' lang='lat' dir='ltr'><strong>edidit</strong></span> <span class='ocrx_word' id='word_1_220' title='bbox 950 3640 1137 3690; x_wconf 86' lang='lat' dir='ltr'><strong>Friedleinius</strong></span> <span class='ocrx_word' id='word_1_221' title='bbox 1156 3641 1184 3689; x_wconf 89' lang='lat' dir='ltr'><strong>in</strong></span> <span class='ocrx_word' id='word_1_222' title='bbox 1203 3654 1250 3688; x_wconf 85' lang='lat' dir='ltr'><strong>en·</strong></span> 
     </span>
     <span class='ocr_line' id='line_1_29' title="bbox 345 3706 1253 3775; baseline 0 -19"><span class='ocrx_word' id='word_1_223' title='bbox 345 3706 449 3760; x_wconf 83' lang='lat' dir='ltr'><strong>nulibus</strong></span> <span class='ocrx_word' id='word_1_224' title='bbox 470 3709 670 3775; x_wconf 80' lang='lat' dir='ltr'><strong>poedagogicis</strong></span> <span class='ocrx_word' id='word_1_225' title='bbox 692 3707 895 3758; x_wconf 81' lang='lat' dir='ltr'><strong>Teubnerianis</strong></span> <span class='ocrx_word' id='word_1_226' title='bbox 922 3707 1005 3771; x_wconf 82' lang='lat' dir='ltr'><strong>(Nece</strong></span> <span class='ocrx_word' id='word_1_227' title='bbox 1026 3708 1186 3757; x_wconf 70' lang='lat' dir='ltr'><strong>inirbiclter</strong></span> <span class='ocrx_word' id='word_1_228' title='bbox 1204 3707 1253 3770; x_wconf 72' lang='lat' dir='ltr'><strong>scir</strong></span> 
     </span>
     <span class='ocr_line' id='line_1_30' title="bbox 346 3772 1149 3842; baseline 0.001 -20"><span class='ocrx_word' id='word_1_229' title='bbox 346 3772 431 3830; x_wconf 86' lang='lat' dir='ltr'><strong>Plriiol.</strong></span> <span class='ocrx_word' id='word_1_230' title='bbox 450 3793 473 3830; x_wconf 83' lang='grc' dir='ltr'><strong>α.</strong></span> <span class='ocrx_word' id='word_1_231' title='bbox 494 3775 659 3842; x_wconf 78' lang='lat' dir='ltr'><strong>Pcidopopiic„</strong></span> <span class='ocrx_word' id='word_1_232' title='bbox 678 3780 765 3827; x_wconf 81' lang='lat' dir='ltr'><strong>zweite</strong></span> <span class='ocrx_word' id='word_1_233' title='bbox 783 3774 948 3840; x_wconf 76' lang='lat' dir='ltr'><strong>Abtieilunp)</strong></span> <span class='ocrx_word' id='word_1_234' title='bbox 967 3777 1033 3826; x_wconf 74' lang='lat'>1865</span> <span class='ocrx_word' id='word_1_235' title='bbox 1051 3791 1076 3840; x_wconf 93' lang='lat' dir='ltr'><strong>p.</strong></span> <span class='ocrx_word' id='word_1_236' title='bbox 1090 3775 1149 3826; x_wconf 87' lang='grc'><strong>368.</strong></span> 
     </span>
    </p>
   </div>
   <div class='ocr_carea' id='block_1_9' title="bbox 1031 3856 1096 3922">
    <p class='ocr_par' dir='ltr' id='par_1_13' title="bbox 1031 3856 1096 3922">
     <span class='ocr_line' id='line_1_31' title="bbox 1031 3856 1096 3922; baseline 0.046 -3"><span class='ocrx_word' id='word_1_237' title='bbox 1031 3856 1096 3922; x_wconf 80' lang='grc'><strong>10*</strong></span> 
     </span>
    </p>
   </div>
   <div class='ocr_carea' id='block_1_10' title="bbox 0 0 1772 4400">
    <p class='ocr_par' dir='ltr' id='par_1_14' title="bbox 0 0 1772 4400">
     <span class='ocr_line' id='line_1_32' title="bbox 0 0 1772 4400; baseline 0 3"><span class='ocrx_word' id='word_1_238' title='bbox 0 0 1772 4400; x_wconf 95' lang='lat' dir='ltr'><strong> </strong></span> 
     </span>
    </p>
   </div>
  </div>
 </body>
</html>
