<?xml version="1.0" encoding="UTF-8"?>
<!DOCTYPE html PUBLIC "-//W3C//DTD XHTML 1.0 Transitional//EN"
    "http://www.w3.org/TR/xhtml1/DTD/xhtml1-transitional.dtd">
<html xmlns="http://www.w3.org/1999/xhtml" xml:lang="en" lang="en">
 <head>
  <title>
</title>
<meta http-equiv="Content-Type" content="text/html;charset=utf-8" />
  <meta name='ocr-system' content='tesseract 3.04.00' />
  <meta name='ocr-capabilities' content='ocr_page ocr_carea ocr_par ocr_line ocrx_word'/>
</head>
<body>
  <div class='ocr_page' id='page_1' title='image "./metrologicorums00hultgoog_0113.png"; bbox 0 0 3534 4400; ppageno 0'>
   <div class='ocr_carea' id='block_1_1' title="bbox 362 387 1288 470">
    <p class='ocr_par' dir='ltr' id='par_1_1' title="bbox 362 387 1288 470">
     <span class='ocr_line' id='line_1_1' title="bbox 362 387 1288 470; baseline 0.009 -25"><span class='ocrx_word' id='word_1_1' title='bbox 362 387 446 470; x_wconf 80' lang='lat'>[117]</span> <span class='ocrx_word' id='word_1_2' title='bbox 602 407 677 451; x_wconf 79' lang='lat' dir='ltr'><strong>noer</strong></span> <span class='ocrx_word' id='word_1_3' title='bbox 699 408 717 449; x_wconf 84' lang='lat' dir='ltr'><strong>u</strong></span> <span class='ocrx_word' id='word_1_4' title='bbox 740 407 841 451; x_wconf 80' lang='lat' dir='ltr'><strong>rnsro</strong></span> <span class='ocrx_word' id='word_1_5' title='bbox 864 409 905 451; x_wconf 78' lang='lat' dir='ltr'><strong>er</strong></span> <span class='ocrx_word' id='word_1_6' title='bbox 927 409 1041 453; x_wconf 75' lang='lat' dir='ltr'><strong>cauno.</strong></span> <span class='ocrx_word' id='word_1_7' title='bbox 1248 388 1288 453; x_wconf 91' lang='lat'><strong>77</strong></span> 
     </span>
    </p>
   </div>
   <div class='ocr_carea' id='block_1_2' title="bbox 358 538 1408 867">
    <p class='ocr_par' dir='ltr' id='par_1_2' title="bbox 358 538 1408 867">
     <span class='ocr_line' id='line_1_2' title="bbox 433 538 1290 620; baseline 0.005 -22"><span class='ocrx_word' id='word_1_8' title='bbox 433 538 528 620; x_wconf 85' lang='lat'><strong>[144]</strong></span> <span class='ocrx_word' id='word_1_9' title='bbox 547 542 686 600; x_wconf 77' lang='lat' dir='ltr'><strong>Maximam</strong></span> <span class='ocrx_word' id='word_1_10' title='bbox 704 542 818 603; x_wconf 90' lang='lat' dir='ltr'><strong>multam</strong></span> <span class='ocrx_word' id='word_1_11' title='bbox 839 545 965 601; x_wconf 86' lang='lat' dir='ltr'><strong>dixerunt</strong></span> <span class='ocrx_word' id='word_1_12' title='bbox 980 546 1062 602; x_wconf 90' lang='lat' dir='ltr'><strong>trium</strong></span> <span class='ocrx_word' id='word_1_13' title='bbox 1083 545 1188 602; x_wconf 89' lang='lat' dir='ltr'><strong>milium</strong></span> <span class='ocrx_word' id='word_1_14' title='bbox 1203 555 1231 602; x_wconf 89' lang='lat' dir='ltr'><strong>ct</strong></span> <span class='ocrx_word' id='word_1_15' title='bbox 1250 549 1290 602; x_wconf 91' lang='lat' dir='ltr'><strong>vi·</strong></span> 
     </span>
     <span class='ocr_line' id='line_1_3' title="bbox 359 620 1288 703; baseline 0.001 -17"><span class='ocrx_word' id='word_1_16' title='bbox 359 630 438 703; x_wconf 83' lang='lat' dir='ltr'><strong>ginti</strong></span> <span class='ocrx_word' id='word_1_17' title='bbox 454 630 566 698; x_wconf 85' lang='lat' dir='ltr'><strong>assium,</strong></span> <span class='ocrx_word' id='word_1_18' title='bbox 587 629 649 702; x_wconf 91' lang='lat' dir='ltr'><strong>quia</strong></span> <span class='ocrx_word' id='word_1_19' title='bbox 668 644 723 685; x_wconf 90' lang='lat' dir='ltr'><strong>uon</strong></span> <span class='ocrx_word' id='word_1_20' title='bbox 743 627 842 685; x_wconf 77' lang='lat' dir='ltr'>licebat</span> <span class='ocrx_word' id='word_1_21' title='bbox 862 629 1001 703; x_wconf 89' lang='lat' dir='ltr'><strong>quondam</strong></span> <span class='ocrx_word' id='word_1_22' title='bbox 1016 620 1141 703; x_wconf 85' lang='lat' dir='ltr'><strong>pluribus</strong></span> <span class='ocrx_word' id='word_1_23' title='bbox 1155 631 1223 685; x_wconf 77' lang='lat' dir='ltr'><strong>XXX</strong></span> <span class='ocrx_word' id='word_1_24' title='bbox 1240 630 1288 687; x_wconf 94' lang='lat' dir='ltr'><strong>bo·</strong></span> 
     </span>
     <span class='ocr_line' id='line_1_4' title="bbox 358 711 1408 788; baseline 0.001 -19"><span class='ocrx_word' id='word_1_25' title='bbox 358 714 418 769; x_wconf 91' lang='lat' dir='ltr'><strong>bus</strong></span> <span class='ocrx_word' id='word_1_26' title='bbox 438 720 467 767; x_wconf 92' lang='lat' dir='ltr'><strong>et</strong></span> <span class='ocrx_word' id='word_1_27' title='bbox 482 711 586 768; x_wconf 91' lang='lat' dir='ltr'><strong>duabus</strong></span> <span class='ocrx_word' id='word_1_28' title='bbox 605 713 699 768; x_wconf 86' lang='lat' dir='ltr'><strong>ovibus</strong></span> <span class='ocrx_word' id='word_1_29' title='bbox 717 729 871 786; x_wconf 80' lang='lat' dir='ltr'><strong>quenquam</strong></span> <span class='ocrx_word' id='word_1_30' title='bbox 888 713 1015 784; x_wconf 83' lang='lat' dir='ltr'><strong>multari,</strong></span> <span class='ocrx_word' id='word_1_31' title='bbox 1041 714 1287 788; x_wconf 88' lang='lat' dir='ltr'><strong>aestimabaturque</strong></span> <span class='ocrx_word' id='word_1_32' title='bbox 1394 746 1408 757; x_wconf 89' lang='lat'>-</span> 
     </span>
     <span class='ocr_line' id='line_1_5' title="bbox 362 795 885 867; baseline 0 -15"><span class='ocrx_word' id='word_1_33' title='bbox 362 797 417 853; x_wconf 91' lang='lat' dir='ltr'><strong>bos</strong></span> <span class='ocrx_word' id='word_1_34' title='bbox 434 795 627 867; x_wconf 79' lang='lat' dir='ltr'><strong>centussibns‚</strong></span> <span class='ocrx_word' id='word_1_35' title='bbox 642 796 701 852; x_wconf 89' lang='lat' dir='ltr'><strong>ovis</strong></span> <span class='ocrx_word' id='word_1_36' title='bbox 717 797 885 867; x_wconf 83' lang='lat' dir='ltr'><strong>decussibus.</strong></span> 
     </span>
    </p>
   </div>
   <div class='ocr_carea' id='block_1_3' title="bbox 333 922 1434 3192">
    <p class='ocr_par' dir='ltr' id='par_1_3' title="bbox 358 922 1321 1107">
     <span class='ocr_line' id='line_1_6' title="bbox 433 922 1321 1007; baseline 0.006 -21"><span class='ocrx_word' id='word_1_37' title='bbox 433 922 543 1007; x_wconf 80' lang='lat'><strong>[157⁸]</strong></span> <span class='ocrx_word' id='word_1_38' title='bbox 572 924 684 987; x_wconf 86' lang='lat' dir='ltr'><strong>Milium</strong></span> <span class='ocrx_word' id='word_1_39' title='bbox 713 928 830 1005; x_wconf 88' lang='lat' dir='ltr'><strong>quidam</strong></span> <span class='ocrx_word' id='word_1_40' title='bbox 859 935 966 1006; x_wconf 88' lang='lat' dir='ltr'><strong>putant</strong></span> <span class='ocrx_word' id='word_1_41' title='bbox 995 930 1109 1007; x_wconf 77' lang='lat' dir='ltr'><strong>cepisse</strong></span> <span class='ocrx_word' id='word_1_42' title='bbox 1135 946 1244 989; x_wconf 91' lang='lat' dir='ltr'><strong>nomen</strong></span> <span class='ocrx_word' id='word_1_43' title='bbox 1270 942 1321 991; x_wconf 80' lang='lat' dir='ltr'><strong>at</strong></span> 
     </span>
     <span class='ocr_line' id='line_1_7' title="bbox 358 1025 1142 1107; baseline 0 -19"><span class='ocrx_word' id='word_1_44' title='bbox 358 1026 496 1088; x_wconf 85' lang='lat' dir='ltr'><strong>maxima</strong></span> <span class='ocrx_word' id='word_1_45' title='bbox 518 1025 727 1088; x_wconf 66' lang='lat' dir='ltr'><strong>iuummorum</strong></span> <span class='ocrx_word' id='word_1_46' title='bbox 749 1046 863 1089; x_wconf 89' lang='lat' dir='ltr'><strong>summa</strong></span> <span class='ocrx_word' id='word_1_47' title='bbox 887 1046 962 1107; x_wconf 91' lang='lat' dir='ltr'><strong>quae</strong></span> <span class='ocrx_word' id='word_1_48' title='bbox 985 1036 1030 1091; x_wconf 82' lang='lat' dir='ltr'><strong>est</strong></span> <span class='ocrx_word' id='word_1_49' title='bbox 1051 1026 1142 1090; x_wconf 89' lang='lat' dir='ltr'><strong>mille.</strong></span> 
     </span>
    </p>

    <p class='ocr_par' dir='ltr' id='par_1_4' title="bbox 333 1124 1370 1894">
     <span class='ocr_line' id='line_1_8' title="bbox 433 1124 1286 1209; baseline 0.002 -20"><span class='ocrx_word' id='word_1_50' title='bbox 433 1124 543 1208; x_wconf 71' lang='lat'>[165⁸]</span> <span class='ocrx_word' id='word_1_51' title='bbox 566 1127 680 1209; x_wconf 78' lang='lat' dir='ltr'><strong>Nexum</strong></span> <span class='ocrx_word' id='word_1_52' title='bbox 697 1134 748 1198; x_wconf 83' lang='lat' dir='ltr'><strong>est,</strong></span> <span class='ocrx_word' id='word_1_53' title='bbox 772 1138 806 1189; x_wconf 92' lang='lat' dir='ltr'><strong>ut</strong></span> <span class='ocrx_word' id='word_1_54' title='bbox 821 1129 860 1190; x_wconf 86' lang='lat' dir='ltr'><strong>ait</strong></span> <span class='ocrx_word' id='word_1_55' title='bbox 875 1128 977 1191; x_wconf 82' lang='lat' dir='ltr'>Gallus</span> <span class='ocrx_word' id='word_1_56' title='bbox 989 1128 1097 1200; x_wconf 76' lang='lat' dir='ltr'><strong>Aelius,</strong></span> <span class='ocrx_word' id='word_1_57' title='bbox 1122 1129 1286 1207; x_wconf 89' lang='lat' dir='ltr'><strong>quodcum·</strong></span> 
     </span>
     <span class='ocr_line' id='line_1_9' title="bbox 360 1228 901 1309; baseline 0.004 -20"><span class='ocrx_word' id='word_1_58' title='bbox 360 1247 426 1309; x_wconf 85' lang='lat' dir='ltr'><strong>que</strong></span> <span class='ocrx_word' id='word_1_59' title='bbox 447 1246 504 1309; x_wconf 89' lang='lat' dir='ltr'><strong>per</strong></span> <span class='ocrx_word' id='word_1_60' title='bbox 525 1246 575 1289; x_wconf 90' lang='lat' dir='ltr'><strong>aes</strong></span> <span class='ocrx_word' id='word_1_61' title='bbox 598 1237 627 1289; x_wconf 94' lang='lat' dir='ltr'><strong>et</strong></span> <span class='ocrx_word' id='word_1_62' title='bbox 648 1228 754 1291; x_wconf 89' lang='lat' dir='ltr'><strong>libram</strong></span> <span class='ocrx_word' id='word_1_63' title='bbox 778 1234 901 1307; x_wconf 81' lang='lat' dir='ltr'>geritur.</span> 
     </span>
     <span class='ocr_line' id='line_1_10' title="bbox 431 1328 1285 1411; baseline 0.006 -22"><span class='ocrx_word' id='word_1_64' title='bbox 431 1328 546 1411; x_wconf 74' lang='lat' dir='ltr'><strong>[ibid]</strong></span> <span class='ocrx_word' id='word_1_65' title='bbox 569 1329 684 1391; x_wconf 85' lang='lat' dir='ltr'><strong>Nexum</strong></span> <span class='ocrx_word' id='word_1_66' title='bbox 712 1348 763 1391; x_wconf 92' lang='lat' dir='ltr'><strong>aes</strong></span> <span class='ocrx_word' id='word_1_67' title='bbox 790 1329 866 1409; x_wconf 89' lang='lat' dir='ltr'><strong>apud</strong></span> <span class='ocrx_word' id='word_1_68' title='bbox 898 1330 1034 1409; x_wconf 87' lang='lat' dir='ltr'><strong>antiquos</strong></span> <span class='ocrx_word' id='word_1_69' title='bbox 1057 1330 1210 1394; x_wconf 84' lang='lat' dir='ltr'><strong>dicebatur</strong></span> <span class='ocrx_word' id='word_1_70' title='bbox 1232 1350 1285 1411; x_wconf 89' lang='lat' dir='ltr'><strong>pe·</strong></span> 
     </span>
     <span class='ocr_line' id='line_1_11' title="bbox 364 1429 1370 1516; baseline 0.003 -25"><span class='ocrx_word' id='word_1_71' title='bbox 364 1432 456 1493; x_wconf 87' lang='lat' dir='ltr'><strong>cunia</strong></span> <span class='ocrx_word' id='word_1_72' title='bbox 479 1447 554 1516; x_wconf 83' lang='lat' dir='ltr'><strong>quae</strong></span> <span class='ocrx_word' id='word_1_73' title='bbox 576 1446 630 1507; x_wconf 91' lang='lat' dir='ltr'><strong>per</strong></span> <span class='ocrx_word' id='word_1_74' title='bbox 652 1448 761 1491; x_wconf 87' lang='lat' dir='ltr'><strong>nexum</strong></span> <span class='ocrx_word' id='word_1_75' title='bbox 784 1429 943 1510; x_wconf 85' lang='lat' dir='ltr'><strong>obligatur.</strong></span> <span class='ocrx_word' id='word_1_76' title='bbox 1305 1445 1337 1494; x_wconf 85' lang='lat'><strong>10</strong></span> <span class='ocrx_word' id='word_1_77' title='bbox 1366 1465 1370 1472; x_wconf 92' lang='lat'><em>·</em></span> 
     </span>
     <span class='ocr_line' id='line_1_12' title="bbox 426 1526 1287 1612; baseline 0.003 -21"><span class='ocrx_word' id='word_1_78' title='bbox 426 1526 510 1611; x_wconf 85' lang='lat'><strong>[173</strong></span> <span class='ocrx_word' id='word_1_79' title='bbox 517 1527 544 1611; x_wconf 79' lang='lat'><strong>¹³]</strong></span> <span class='ocrx_word' id='word_1_80' title='bbox 567 1530 754 1593; x_wconf 83' lang='lat' dir='ltr'><strong>Ncuuucium</strong></span> <span class='ocrx_word' id='word_1_81' title='bbox 777 1538 807 1592; x_wconf 88' lang='lat' dir='ltr'><strong>et</strong></span> <span class='ocrx_word' id='word_1_82' title='bbox 826 1532 1023 1593; x_wconf 84' lang='lat' dir='ltr'><strong>acacunoiom</strong></span> <span class='ocrx_word' id='word_1_83' title='bbox 1037 1532 1129 1612; x_wconf 87' lang='lat' dir='ltr'><strong>quod</strong></span> <span class='ocrx_word' id='word_1_84' title='bbox 1141 1531 1287 1611; x_wconf 77' lang='lat' dir='ltr'><strong>moqietm’</strong></span> 
     </span>
     <span class='ocr_line' id='line_1_13' title="bbox 364 1629 1284 1710; baseline 0.001 -19"><span class='ocrx_word' id='word_1_85' title='bbox 364 1629 426 1694; x_wconf 90' lang='lat' dir='ltr'><strong>ludi</strong></span> <span class='ocrx_word' id='word_1_86' title='bbox 453 1630 603 1710; x_wconf 81' lang='lat' dir='ltr'><strong>appellant</strong></span> <span class='ocrx_word' id='word_1_87' title='bbox 624 1632 778 1710; x_wconf 76' lang='lat' dir='ltr'><strong>signifieat</strong></span> <span class='ocrx_word' id='word_1_88' title='bbox 799 1631 984 1693; x_wconf 77' lang='lat' dir='ltr'><strong>dodrantem</strong></span> <span class='ocrx_word' id='word_1_89' title='bbox 1006 1638 1037 1693; x_wconf 84' lang='lat' dir='ltr'><strong>et</strong></span> <span class='ocrx_word' id='word_1_90' title='bbox 1058 1631 1219 1693; x_wconf 82' lang='lat' dir='ltr'><strong>dimidium</strong></span> <span class='ocrx_word' id='word_1_91' title='bbox 1242 1638 1284 1692; x_wconf 79' lang='lat' dir='ltr'><strong>te·</strong></span> 
     </span>
     <span class='ocr_line' id='line_1_14' title="bbox 333 1730 1286 1811; baseline -0.004 -14"><span class='ocrx_word' id='word_1_92' title='bbox 333 1790 335 1797; x_wconf 82' lang='grc'>,</span> <span class='ocrx_word' id='word_1_93' title='bbox 365 1734 521 1803; x_wconf 81' lang='lat' dir='ltr'><strong>nuncium,</strong></span> <span class='ocrx_word' id='word_1_94' title='bbox 545 1731 624 1811; x_wconf 93' lang='lat' dir='ltr'><strong>quod</strong></span> <span class='ocrx_word' id='word_1_95' title='bbox 647 1732 763 1811; x_wconf 85' lang='lat' dir='ltr'><strong>singula</strong></span> <span class='ocrx_word' id='word_1_96' title='bbox 785 1732 946 1795; x_wconf 77' lang='lat' dir='ltr'><strong>sescuncia</strong></span> <span class='ocrx_word' id='word_1_97' title='bbox 967 1731 1062 1793; x_wconf 86' lang='lat' dir='ltr'><strong>uncio</strong></span> <span class='ocrx_word' id='word_1_98' title='bbox 1080 1738 1110 1793; x_wconf 84' lang='lat' dir='ltr'><strong>et</strong></span> <span class='ocrx_word' id='word_1_99' title='bbox 1124 1730 1286 1793; x_wconf 85' lang='lat' dir='ltr'><strong>dimidium</strong></span> 
     </span>
     <span class='ocr_line' id='line_1_15' title="bbox 364 1834 490 1894; baseline 0 -1"><span class='ocrx_word' id='word_1_100' title='bbox 364 1834 411 1894; x_wconf 93' lang='lat' dir='ltr'><strong>sit.</strong></span> <span class='ocrx_word' id='word_1_101' title='bbox 487 1840 490 1846; x_wconf 91' lang='lat'>&#39;</span> 
     </span>
    </p>

    <p class='ocr_par' dir='ltr' id='par_1_5' title="bbox 365 1915 1336 2062">
     <span class='ocr_line' id='line_1_16' title="bbox 430 1915 1336 1998; baseline 0.001 -21"><span class='ocrx_word' id='word_1_102' title='bbox 430 1915 711 1998; x_wconf 63' lang='lat' dir='ltr'><strong>[lamentandum</strong></span> <span class='ocrx_word' id='word_1_103' title='bbox 734 1931 761 1977; x_wconf 88' lang='lat' dir='ltr'><strong>et</strong></span> <span class='ocrx_word' id='word_1_104' title='bbox 786 1924 938 1978; x_wconf 81' lang='lat' dir='ltr'><strong>teruncium</strong></span> <span class='ocrx_word' id='word_1_105' title='bbox 959 1920 1074 1994; x_wconf 87' lang='lat' dir='ltr'><strong>dieitur,</strong></span> <span class='ocrx_word' id='word_1_106' title='bbox 1097 1920 1170 1995; x_wconf 93' lang='lat' dir='ltr'><strong>quod</strong></span> <span class='ocrx_word' id='word_1_107' title='bbox 1188 1937 1285 1993; x_wconf 88' lang='lat' dir='ltr'><strong>novem</strong></span> <span class='ocrx_word' id='word_1_108' title='bbox 1304 1929 1336 1978; x_wconf 79' lang='lat'><strong>15</strong></span> 
     </span>
     <span class='ocr_line' id='line_1_17' title="bbox 365 2004 1225 2062; baseline -0.001 -1"><span class='ocrx_word' id='word_1_109' title='bbox 365 2006 507 2061; x_wconf 86' lang='lat' dir='ltr'><strong>unciarum</strong></span> <span class='ocrx_word' id='word_1_110' title='bbox 523 2005 559 2060; x_wconf 93' lang='lat' dir='ltr'><strong>sit</strong></span> <span class='ocrx_word' id='word_1_111' title='bbox 574 2004 630 2060; x_wconf 86' lang='lat' dir='ltr'><strong>sive</strong></span> <span class='ocrx_word' id='word_1_112' title='bbox 647 2006 736 2062; x_wconf 89' lang='lat' dir='ltr'><strong>trium.</strong></span> <span class='ocrx_word' id='word_1_113' title='bbox 1215 2028 1225 2038; x_wconf 73' lang='lat'><em>-</em></span> 
     </span>
    </p>

    <p class='ocr_par' dir='ltr' id='par_1_6' title="bbox 364 2088 1434 2488">
     <span class='ocr_line' id='line_1_18' title="bbox 430 2088 1285 2183; baseline 0 -22"><span class='ocrx_word' id='word_1_114' title='bbox 430 2098 542 2183; x_wconf 64' lang='lat' dir='ltr'><strong>[raab]</strong></span> <span class='ocrx_word' id='word_1_115' title='bbox 566 2100 729 2162; x_wconf 84' lang='lat' dir='ltr'><strong>Nummum</strong></span> <span class='ocrx_word' id='word_1_116' title='bbox 756 2120 796 2163; x_wconf 78' lang='lat' dir='ltr'><strong>eu</strong></span> <span class='ocrx_word' id='word_1_117' title='bbox 819 2088 957 2164; x_wconf 83' lang='lat' dir='ltr'><strong>Graeco</strong></span> <span class='ocrx_word' id='word_1_118' title='bbox 970 2102 1153 2164; x_wconf 80' lang='lat' dir='ltr'><strong>uomiamotc</strong></span> <span class='ocrx_word' id='word_1_119' title='bbox 1181 2102 1285 2163; x_wconf 73' lang='lat' dir='ltr'><strong>existi·</strong></span> 
     </span>
     <span class='ocr_line' id='line_1_19' title="bbox 365 2201 1286 2285; baseline -0.002 -21"><span class='ocrx_word' id='word_1_120' title='bbox 365 2211 448 2265; x_wconf 88' lang='lat' dir='ltr'><strong>mant</strong></span> <span class='ocrx_word' id='word_1_121' title='bbox 473 2203 602 2280; x_wconf 82' lang='lat' dir='ltr'><strong>dictum,</strong></span> <span class='ocrx_word' id='word_1_122' title='bbox 637 2203 777 2284; x_wconf 82' lang='lat' dir='ltr'><strong>idemque</strong></span> <span class='ocrx_word' id='word_1_123' title='bbox 803 2204 896 2266; x_wconf 76' lang='lat' dir='ltr'><strong>mobis</strong></span> <span class='ocrx_word' id='word_1_124' title='bbox 928 2203 1012 2285; x_wconf 86' lang='lat' dir='ltr'><strong>quod</strong></span> <span class='ocrx_word' id='word_1_125' title='bbox 1038 2205 1194 2285; x_wconf 83' lang='grc' dir='ltr'>νοῦμμον</span> <span class='ocrx_word' id='word_1_126' title='bbox 1220 2201 1286 2263; x_wconf 81' lang='lat' dir='ltr'><strong>illia</strong></span> 
     </span>
     <span class='ocr_line' id='line_1_20' title="bbox 365 2303 1434 2392; baseline 0 -28"><span class='ocrx_word' id='word_1_127' title='bbox 365 2304 479 2375; x_wconf 84' lang='lat' dir='ltr'><strong>valere,</strong></span> <span class='ocrx_word' id='word_1_128' title='bbox 503 2307 570 2386; x_wconf 90' lang='lat' dir='ltr'><strong>quia</strong></span> <span class='ocrx_word' id='word_1_129' title='bbox 590 2304 745 2384; x_wconf 78' lang='lat' dir='ltr'><strong>pecuniae</strong></span> <span class='ocrx_word' id='word_1_130' title='bbox 766 2306 894 2367; x_wconf 87' lang='lat' dir='ltr'><strong>momina</strong></span> <span class='ocrx_word' id='word_1_131' title='bbox 917 2323 938 2365; x_wconf 89' lang='lat' dir='ltr'><strong>o</strong></span> <span class='ocrx_word' id='word_1_132' title='bbox 954 2303 1070 2366; x_wconf 75' lang='lat' dir='ltr'><strong>Siculis</strong></span> <span class='ocrx_word' id='word_1_133' title='bbox 1093 2305 1284 2385; x_wconf 79' lang='lat' dir='ltr'><strong>occepimus,</strong></span> <span class='ocrx_word' id='word_1_134' title='bbox 1432 2387 1434 2392; x_wconf 21' lang='grc' dir='ltr'>Ι</span> 
     </span>
     <span class='ocr_line' id='line_1_21' title="bbox 364 2406 1336 2488; baseline -0.001 -20"><span class='ocrx_word' id='word_1_135' title='bbox 364 2423 499 2488; x_wconf 86' lang='lat' dir='ltr'><strong>quorum</strong></span> <span class='ocrx_word' id='word_1_136' title='bbox 521 2406 578 2467; x_wconf 91' lang='lat' dir='ltr'><strong>boc</strong></span> <span class='ocrx_word' id='word_1_137' title='bbox 600 2407 754 2485; x_wconf 89' lang='lat' dir='ltr'><strong>proprium</strong></span> <span class='ocrx_word' id='word_1_138' title='bbox 779 2415 832 2468; x_wconf 89' lang='lat' dir='ltr'><strong>est.</strong></span> <span class='ocrx_word' id='word_1_139' title='bbox 1060 2443 1068 2454; x_wconf 87' lang='lat'><strong>·</strong></span> <span class='ocrx_word' id='word_1_140' title='bbox 1303 2410 1336 2459; x_wconf 79' lang='lat'><strong>20</strong></span> 
     </span>
    </p>

    <p class='ocr_par' dir='ltr' id='par_1_7' title="bbox 430 2491 1140 2588">
     <span class='ocr_line' id='line_1_22' title="bbox 430 2491 1140 2588; baseline -0.004 -21"><span class='ocrx_word' id='word_1_141' title='bbox 430 2507 486 2588; x_wconf 93' lang='lat'><strong>[17</strong></span> <span class='ocrx_word' id='word_1_142' title='bbox 490 2505 523 2586; x_wconf 77' lang='lat'><strong>2]</strong></span> <span class='ocrx_word' id='word_1_143' title='bbox 541 2511 671 2568; x_wconf 90' lang='lat' dir='ltr'><strong>Nummus</strong></span> <span class='ocrx_word' id='word_1_144' title='bbox 687 2529 719 2568; x_wconf 90' lang='lat' dir='ltr'><strong>ex</strong></span> <span class='ocrx_word' id='word_1_145' title='bbox 734 2511 835 2567; x_wconf 85' lang='lat' dir='ltr'><strong>Graeco</strong></span> <span class='ocrx_word' id='word_1_146' title='bbox 848 2491 1013 2566; x_wconf 71' lang='lat' dir='ltr'><strong>¹nomismate</strong></span> <span class='ocrx_word' id='word_1_147' title='bbox 1029 2508 1140 2566; x_wconf 87' lang='lat' dir='ltr'><strong>dicitur.</strong></span> 
     </span>
    </p>

    <p class='ocr_par' dir='ltr' id='par_1_8' title="bbox 346 2604 1377 3192">
     <span class='ocr_line' id='line_1_23' title="bbox 429 2604 1285 2690; baseline -0.011 -19"><span class='ocrx_word' id='word_1_148' title='bbox 429 2605 543 2690; x_wconf 53' lang='lat'><strong>[2027]</strong></span> <span class='ocrx_word' id='word_1_149' title='bbox 567 2607 675 2670; x_wconf 87' lang='lat' dir='ltr'><strong>Oribus</strong></span> <span class='ocrx_word' id='word_1_150' title='bbox 698 2606 813 2668; x_wconf 89' lang='lat' dir='ltr'><strong>duabus</strong></span> <span class='ocrx_word' id='word_1_151' title='bbox 835 2605 1037 2668; x_wconf 76' lang='lat' dir='ltr'><strong>multabantur</strong></span> <span class='ocrx_word' id='word_1_152' title='bbox 1053 2604 1131 2684; x_wconf 76' lang='lat' dir='ltr'><strong>apud</strong></span> <span class='ocrx_word' id='word_1_153' title='bbox 1147 2604 1285 2681; x_wconf 90' lang='lat' dir='ltr'><strong>antiquos</strong></span> 
     </span>
     <span class='ocr_line' id='line_1_24' title="bbox 346 2695 1283 2778; baseline -0.007 -9"><span class='ocrx_word' id='word_1_154' title='bbox 346 2695 395 2772; x_wconf 65' lang='lat' dir='ltr'><strong>,in</strong></span> <span class='ocrx_word' id='word_1_155' title='bbox 424 2709 590 2770; x_wconf 87' lang='lat' dir='ltr'><strong>minoribus</strong></span> <span class='ocrx_word' id='word_1_156' title='bbox 618 2708 747 2778; x_wconf 88' lang='lat' dir='ltr'><strong>delictis,</strong></span> <span class='ocrx_word' id='word_1_157' title='bbox 777 2715 809 2768; x_wconf 93' lang='lat' dir='ltr'><strong>ut</strong></span> <span class='ocrx_word' id='word_1_158' title='bbox 838 2710 867 2768; x_wconf 91' lang='lat' dir='ltr'><strong>in</strong></span> <span class='ocrx_word' id='word_1_159' title='bbox 891 2704 1053 2767; x_wconf 88' lang='lat' dir='ltr'><strong>maioribus</strong></span> <span class='ocrx_word' id='word_1_160' title='bbox 1076 2703 1155 2765; x_wconf 87' lang='lat' dir='ltr'><strong>XXX</strong></span> <span class='ocrx_word' id='word_1_161' title='bbox 1177 2701 1283 2772; x_wconf 90' lang='lat' dir='ltr'><strong>bobus,</strong></span> 
     </span>
     <span class='ocr_line' id='line_1_25' title="bbox 364 2803 1283 2884; baseline -0.007 -12"><span class='ocrx_word' id='word_1_162' title='bbox 364 2829 420 2872; x_wconf 91' lang='lat' dir='ltr'><strong>uec</strong></span> <span class='ocrx_word' id='word_1_163' title='bbox 441 2810 524 2871; x_wconf 86' lang='lat' dir='ltr'><strong>bunc</strong></span> <span class='ocrx_word' id='word_1_164' title='bbox 547 2807 622 2871; x_wconf 91' lang='lat' dir='ltr'><strong>ultra</strong></span> <span class='ocrx_word' id='word_1_165' title='bbox 645 2826 802 2870; x_wconf 89' lang='lat' dir='ltr'><strong>numerum</strong></span> <span class='ocrx_word' id='word_1_166' title='bbox 826 2805 988 2870; x_wconf 86' lang='lat' dir='ltr'><strong>excedebat</strong></span> <span class='ocrx_word' id='word_1_167' title='bbox 1001 2803 1149 2875; x_wconf 70' lang='lat' dir='ltr'><strong>multatim</strong></span> <span class='ocrx_word' id='word_1_168' title='bbox 1177 2804 1283 2884; x_wconf 91' lang='lat' dir='ltr'><strong>quoad,</strong></span> 
     </span>
     <span class='ocr_line' id='line_1_26' title="bbox 364 2904 1336 2991; baseline -0.005 -19"><span class='ocrx_word' id='word_1_169' title='bbox 364 2904 558 2991; x_wconf 84' lang='lat' dir='ltr'><strong>posteaquam</strong></span> <span class='ocrx_word' id='word_1_170' title='bbox 592 2927 662 2972; x_wconf 90' lang='lat' dir='ltr'><strong>aere</strong></span> <span class='ocrx_word' id='word_1_171' title='bbox 690 2910 802 2988; x_wconf 82' lang='lat' dir='ltr'><strong>signato</strong></span> <span class='ocrx_word' id='word_1_172' title='bbox 830 2911 872 2972; x_wconf 91' lang='lat' dir='ltr'><strong>uti</strong></span> <span class='ocrx_word' id='word_1_173' title='bbox 900 2910 1000 2970; x_wconf 82' lang='lat' dir='ltr'><strong>civitas</strong></span> <span class='ocrx_word' id='word_1_174' title='bbox 1027 2909 1126 2985; x_wconf 89' lang='lat' dir='ltr'><strong>coepit</strong></span> <span class='ocrx_word' id='word_1_175' title='bbox 1160 2925 1284 2986; x_wconf 89' lang='lat' dir='ltr'><strong>pecora·</strong></span> <span class='ocrx_word' id='word_1_176' title='bbox 1303 2911 1336 2960; x_wconf 79' lang='lat'><strong>25</strong></span> 
     </span>
     <span class='ocr_line' id='line_1_27' title="bbox 366 3007 1284 3093; baseline -0.008 -19"><span class='ocrx_word' id='word_1_177' title='bbox 366 3031 425 3093; x_wconf 90' lang='lat' dir='ltr'><strong>que</strong></span> <span class='ocrx_word' id='word_1_178' title='bbox 453 3010 613 3072; x_wconf 86' lang='lat' dir='ltr'><strong>multaticia</strong></span> <span class='ocrx_word' id='word_1_179' title='bbox 641 3011 755 3072; x_wconf 89' lang='lat' dir='ltr'><strong>incuria</strong></span> <span class='ocrx_word' id='word_1_180' title='bbox 779 3009 1063 3089; x_wconf 87' lang='lat' dir='ltr'><strong>corrumpebantur,</strong></span> <span class='ocrx_word' id='word_1_181' title='bbox 1093 3007 1173 3069; x_wconf 81' lang='lat' dir='ltr'><strong>xinde</strong></span> <span class='ocrx_word' id='word_1_182' title='bbox 1196 3010 1284 3068; x_wconf 87' lang='lat' dir='ltr'><strong>etiam</strong></span> 
     </span>
     <span class='ocr_line' id='line_1_28' title="bbox 365 3109 1377 3192; baseline -0.003 -18"><span class='ocrx_word' id='word_1_183' title='bbox 365 3113 661 3192; x_wconf 83' lang='lat' dir='ltr'><strong>peculatuserimen</strong></span> <span class='ocrx_word' id='word_1_184' title='bbox 683 3113 822 3189; x_wconf 88' lang='lat' dir='ltr'><strong>usurpari</strong></span> <span class='ocrx_word' id='word_1_185' title='bbox 844 3118 984 3190; x_wconf 88' lang='lat' dir='ltr'><strong>coeptum</strong></span> <span class='ocrx_word' id='word_1_186' title='bbox 1008 3117 1066 3179; x_wconf 89' lang='lat' dir='ltr'><strong>est,</strong></span> <span class='ocrx_word' id='word_1_187' title='bbox 1097 3109 1174 3170; x_wconf 86' lang='lat' dir='ltr'><strong>iacta</strong></span> <span class='ocrx_word' id='word_1_188' title='bbox 1194 3109 1284 3168; x_wconf 83' lang='lat' dir='ltr'><strong>aesti-</strong></span> <span class='ocrx_word' id='word_1_189' title='bbox 1374 3165 1377 3171; x_wconf 91' lang='lat'>.</span> 
     </span>
    </p>
   </div>
   <div class='ocr_carea' id='block_1_4' title="bbox 330 3313 1285 3728">
    <p class='ocr_par' dir='ltr' id='par_1_9' title="bbox 330 3313 1285 3728">
     <span class='ocr_line' id='line_1_29' title="bbox 431 3313 1283 3396; baseline -0.006 -14"><span class='ocrx_word' id='word_1_190' title='bbox 431 3333 457 3382; x_wconf 84' lang='grc'><strong>6.</strong></span> <span class='ocrx_word' id='word_1_191' title='bbox 477 3333 522 3396; x_wconf 71' lang='lat' dir='ltr'><strong>‘io⁴</strong></span> <span class='ocrx_word' id='word_1_192' title='bbox 532 3333 589 3383; x_wconf 85' lang='lat' dir='ltr'><strong>eod.</strong></span> <span class='ocrx_word' id='word_1_193' title='bbox 601 3332 702 3381; x_wconf 82' lang='lat' dir='ltr'><strong>uidetur</strong></span> <span class='ocrx_word' id='word_1_194' title='bbox 713 3346 769 3386; x_wconf 81' lang='lat' dir='ltr'><strong>ease</strong></span> <span class='ocrx_word' id='word_1_195' title='bbox 782 3333 963 3380; x_wconf 78' lang='lat' dir='ltr'><strong>nummamm’</strong></span> <span class='ocrx_word' id='word_1_196' title='bbox 977 3328 1039 3380; x_wconf 86' lang='lat' dir='ltr'><strong>Mae</strong></span> <span class='ocrx_word' id='word_1_197' title='bbox 1081 3339 1095 3372; x_wconf 76' lang='lat' dir='ltr'><em>s</em></span> <span class='ocrx_word' id='word_1_198' title='bbox 1109 3329 1150 3380; x_wconf 83' lang='lat'><strong>13.</strong></span> <span class='ocrx_word' id='word_1_199' title='bbox 1169 3313 1283 3378; x_wconf 75' lang='lat' dir='ltr'><strong>sesenn-</strong></span> 
     </span>
     <span class='ocr_line' id='line_1_30' title="bbox 330 3412 1284 3477; baseline -0.002 -13"><span class='ocrx_word' id='word_1_200' title='bbox 330 3455 333 3460; x_wconf 92' lang='lat'><em>.</em></span> <span class='ocrx_word' id='word_1_201' title='bbox 367 3417 410 3466; x_wconf 83' lang='lat' dir='ltr'><strong>eia</strong></span> <span class='ocrx_word' id='word_1_202' title='bbox 428 3416 503 3477; x_wconf 82' lang='lat' dir='ltr'><strong>Mae,</strong></span> <span class='ocrx_word' id='word_1_203' title='bbox 522 3430 573 3466; x_wconf 85' lang='lat' dir='ltr'><strong>sex</strong></span> <span class='ocrx_word' id='word_1_204' title='bbox 592 3452 599 3466; x_wconf 90' lang='lat'><strong><em>.</em></strong></span> <span class='ocrx_word' id='word_1_205' title='bbox 620 3455 625 3468; x_wconf 92' lang='lat'><em>.</em></span> <span class='ocrx_word' id='word_1_206' title='bbox 645 3454 651 3467; x_wconf 88' lang='lat'>.</span> <span class='ocrx_word' id='word_1_207' title='bbox 670 3415 727 3466; x_wconf 84' lang='lat' dir='ltr'><strong>cod.</strong></span> <span class='ocrx_word' id='word_1_208' title='bbox 809 3416 848 3468; x_wconf 80' lang='lat'><strong>15.</strong></span> <span class='ocrx_word' id='word_1_209' title='bbox 866 3414 1053 3465; x_wconf 79' lang='lat' dir='ltr'><strong>Nonunctium</strong></span> <span class='ocrx_word' id='word_1_210' title='bbox 1072 3416 1100 3462; x_wconf 86' lang='lat' dir='ltr'><strong>et</strong></span> <span class='ocrx_word' id='word_1_211' title='bbox 1117 3412 1284 3462; x_wconf 76' lang='lat' dir='ltr'><strong>temnentem</strong></span> 
     </span>
     <span class='ocr_line' id='line_1_31' title="bbox 369 3494 1283 3564; baseline -0.002 -14"><span class='ocrx_word' id='word_1_212' title='bbox 369 3499 390 3549; x_wconf 74' lang='lat' dir='ltr'><em>G</em></span> <span class='ocrx_word' id='word_1_213' title='bbox 455 3501 497 3552; x_wconf 83' lang='lat'><strong>16.</strong></span> <span class='ocrx_word' id='word_1_214' title='bbox 514 3498 687 3550; x_wconf 80' lang='lat' dir='ltr'><strong>unctierdG</strong></span> <span class='ocrx_word' id='word_1_215' title='bbox 772 3501 813 3551; x_wconf 79' lang='lat'><strong>21.</strong></span> <span class='ocrx_word' id='word_1_216' title='bbox 834 3497 959 3564; x_wconf 75' lang='lat' dir='ltr'><strong>greccd</strong></span> <span class='ocrx_word' id='word_1_217' title='bbox 1032 3498 1075 3546; x_wconf 77' lang='lat'><strong>22.</strong></span> <span class='ocrx_word' id='word_1_218' title='bbox 1093 3494 1200 3545; x_wconf 86' lang='lat' dir='ltr'><strong>duobus</strong></span> <span class='ocrx_word' id='word_1_219' title='bbox 1217 3498 1283 3548; x_wconf 82' lang='lat' dir='ltr'><strong>comi.</strong></span> 
     </span>
     <span class='ocr_line' id='line_1_32' title="bbox 369 3578 1284 3648; baseline -0.002 -17"><span class='ocrx_word' id='word_1_220' title='bbox 369 3581 418 3634; x_wconf 76' lang='lat' dir='ltr'><strong>Sea</strong></span> <span class='ocrx_word' id='word_1_221' title='bbox 434 3587 491 3637; x_wconf 83' lang='lat' dir='ltr'><strong>coll.</strong></span> <span class='ocrx_word' id='word_1_222' title='bbox 509 3585 591 3636; x_wconf 69' lang='lat' dir='ltr'><strong>Paulo</strong></span> <span class='ocrx_word' id='word_1_223' title='bbox 609 3601 631 3638; x_wconf 87' lang='lat' dir='ltr'><strong>u.</strong></span> <span class='ocrx_word' id='word_1_224' title='bbox 651 3599 720 3636; x_wconf 83' lang='lat' dir='ltr'><strong>ouem</strong></span> <span class='ocrx_word' id='word_1_225' title='bbox 744 3583 779 3648; x_wconf 81' lang='lat' dir='ltr'><strong>(p.</strong></span> <span class='ocrx_word' id='word_1_226' title='bbox 800 3582 850 3633; x_wconf 80' lang='lat'><strong>195</strong></span> <span class='ocrx_word' id='word_1_227' title='bbox 867 3580 965 3646; x_wconf 57' lang='grc' dir='ltr'><strong>Μαι),ι</strong></span> <span class='ocrx_word' id='word_1_228' title='bbox 981 3587 1009 3631; x_wconf 83' lang='lat' dir='ltr'><strong>ot</strong></span> <span class='ocrx_word' id='word_1_229' title='bbox 1031 3579 1101 3642; x_wconf 80' lang='lat' dir='ltr'><strong>conf.</strong></span> <span class='ocrx_word' id='word_1_230' title='bbox 1119 3578 1192 3641; x_wconf 76' lang='lat' dir='ltr'><strong>infre</strong></span> <span class='ocrx_word' id='word_1_231' title='bbox 1207 3595 1284 3643; x_wconf 77' lang='lat' dir='ltr'><strong>pecu·</strong></span> 
     </span>
     <span class='ocr_line' id='line_1_33' title="bbox 370 3654 1285 3728; baseline -0.009 -8"><span class='ocrx_word' id='word_1_232' title='bbox 370 3668 431 3720; x_wconf 83' lang='lat' dir='ltr'><strong>latua</strong></span> <span class='ocrx_word' id='word_1_233' title='bbox 534 3671 576 3723; x_wconf 82' lang='lat'><strong>23.</strong></span> <span class='ocrx_word' id='word_1_234' title='bbox 594 3669 672 3719; x_wconf 86' lang='lat' dir='ltr'><strong>XXX</strong></span> <span class='ocrx_word' id='word_1_235' title='bbox 689 3669 776 3720; x_wconf 84' lang='lat' dir='ltr'><strong>bobus</strong></span> <span class='ocrx_word' id='word_1_236' title='bbox 794 3654 862 3718; x_wconf 75' lang='lat' dir='ltr'><strong>corr.</strong></span> <span class='ocrx_word' id='word_1_237' title='bbox 881 3665 959 3728; x_wconf 79' lang='lat' dir='ltr'><strong>Mace,</strong></span> <span class='ocrx_word' id='word_1_238' title='bbox 981 3665 1052 3715; x_wconf 85' lang='lat' dir='ltr'><strong>amb.</strong></span> <span class='ocrx_word' id='word_1_239' title='bbox 1071 3665 1130 3720; x_wconf 87' lang='lat' dir='ltr'><strong>eod.</strong></span> <span class='ocrx_word' id='word_1_240' title='bbox 1149 3670 1213 3714; x_wconf 85' lang='lat' dir='ltr'><strong>teate</strong></span> <span class='ocrx_word' id='word_1_241' title='bbox 1233 3663 1285 3714; x_wconf 82' lang='lat' dir='ltr'><strong>Ura</strong></span> 
     </span>
    </p>
   </div>
   <div class='ocr_carea' id='block_1_5' title="bbox 370 3751 785 3819">
    <p class='ocr_par' dir='ltr' id='par_1_10' title="bbox 370 3751 785 3819">
     <span class='ocr_line' id='line_1_34' title="bbox 370 3751 785 3819; baseline 0.002 -18"><span class='ocrx_word' id='word_1_242' title='bbox 370 3753 408 3803; x_wconf 80' lang='lat' dir='ltr'><strong>at.</strong></span> <span class='ocrx_word' id='word_1_243' title='bbox 428 3752 519 3819; x_wconf 75' lang='lat' dir='ltr'><strong>quoad</strong></span> <span class='ocrx_word' id='word_1_244' title='bbox 536 3755 643 3804; x_wconf 84' lang='lat' dir='ltr'><strong>correori</strong></span> <span class='ocrx_word' id='word_1_245' title='bbox 660 3769 695 3804; x_wconf 79' lang='lat' dir='ltr'><strong>ear</strong></span> <span class='ocrx_word' id='word_1_246' title='bbox 714 3751 785 3818; x_wconf 89' lang='lat' dir='ltr'><strong>quod</strong></span> 
     </span>
    </p>
   </div>
   <div class='ocr_carea' id='block_1_6' title="bbox 0 0 1784 4400">
    <p class='ocr_par' dir='ltr' id='par_1_11' title="bbox 0 0 1784 4400">
     <span class='ocr_line' id='line_1_35' title="bbox 0 0 1784 4400; baseline 0 0"><span class='ocrx_word' id='word_1_247' title='bbox 0 0 1784 4400; x_wconf 95' lang='lat' dir='ltr'><strong> </strong></span> 
     </span>
    </p>
   </div>
  </div>
 </body>
</html>
