3534 4400
639 425 788 467 nonnum
810 425 851 465 nn
866 424 938 468 von.
954 427 976 467 1.
1205 402 1266 469 155

352 563 433 619 idest
449 567 560 636 iupcm.
597 562 650 619 Hae
671 562 755 636 igilur
778 560 884 619 tabulae
900 562 1106 637 provincialium
1128 578 1268 619 mensura·

352 664 409 702 rum
428 663 460 702 ex
478 646 634 722 fragmento
655 642 727 721 περὶ
744 642 869 720 μέτρων
891 645 949 720 γῆ(
974 655 1001 703 et
1021 646 1082 703 ioco
1104 647 1266 704 Schowiano

352 732 500 805 prodeunt:
520 734 684 808 primumtex
697 734 802 788 ratione
818 750 831 788 a
847 732 974 789 Romanis
991 732 1116 788 instituta

502 810 615 887 ἰουγόν
630 815 745 890 (iugum)
790 860 796 872 .
842 859 849 873 .
894 860 900 873 .
947 819 963 873 1

503 894 630 975 ἄρουρα
688 943 904 959 .....
950 901 968 958 5
1014 902 1030 956 1

504 987 630 1060 iugerum
689 1026 902 1042 .....
928 987 969 1045 10
1012 985 1030 1041 2
1077 987 1092 1043 1

502 1064 614 1144 (ατίβα
630 1069 746 1141 (modius
763 1066 891 1148 saturius)
927 1073 968 1129 30
1012 1072 1030 1128 6
1075 1071 1094 1128 3

351 1160 405 1209 dum
424 1171 458 1210 ex
478 1155 677 1212 consuetudine
697 1154 905 1230 provincialium
935 1157 1048 1214 latera
1074 1156 1266 1231 quadratarum

352 1255 543 1297 mensurarum
559 1240 598 1297 sic
613 1241 685 1296 inter
702 1257 731 1297 se
745 1240 924 1314 comparanda

503 1319 630 1399 ἄρουρα
716 1324 733 1381 1

468 1402 648 1481 “πλέθρον
714 1408 732 1465 5
821 1411 836 1467 1

505 1488 622 1553 ἄκαινα
694 1493 735 1551 20
820 1494 840 1550 4
928 1497 944 1551 1

504 1577 610 1652 πῆχυε
672 1578 762 1651 13311,
798 1579 868 1652 2614,
926 1580 975 1652 611,
1018 1581 1034 1635 1

503 1658 588 1723 πού(
674 1663 737 1721 200
793 1664 835 1722 40
908 1664 948 1722 10
1018 1664 1067 1737 111)

350 1743 465 1819 denique
481 1750 559 1823 ipsae
574 1747 720 1823 quadratae
735 1765 878 1805 mensurae
894 1748 966 1806 huno
981 1751 1008 1805 iu
1023 1749 1133 1804 modurn

503 1827 630 1906 ἄρουρα
716 1833 733 1889 1

505 1912 666 1992 πλέθρον,
699 1916 739 1974 25
826 1918 843 1974 1

504 1996 620 2061 ἄκαινα
677 2002 741 2061 400
807 2003 844 2060 16
934 2004 950 2059 1

505 2080 589 2145 πού(
638 2086 849 2149 ,400001600
894 2089 963 2147 100.

415 2169 454 2227 iia
475 2171 545 2230 haec
565 2189 644 2247 quam
659 2171 817 2230 brevissime
832 2173 910 2249 potui
930 2174 1137 2249 comprehendi,
1158 2191 1220 2232 oum
1240 2181 1267 2229 et
1328 2229 1331 2234 .

354 2253 480 2312 omittere
496 2275 528 2314 ea
544 2258 620 2314 ncias
635 2257 759 2314 ducerem
775 2267 909 2315 etiamen
924 2259 1061 2317 uberioris
1075 2259 1267 2335 disputationis

357 2336 382 2389 in
398 2339 472 2397 calce
487 2341 570 2398 huius
585 2343 649 2399 libri
666 2343 755 2399 locum
770 2359 824 2399 non
843 2361 904 2400 esse
923 2345 1048 2401 viderem.

416 2591 539 2670 lienique
567 2595 686 2652 breviter
714 2611 898 2653 commemoro
926 2595 958 2650 de
984 2593 1084 2652 rabulis
1110 2594 1269 2669 quibusdam

359 2677 557 2750 ponderumet
577 2697 766 2737 mensurarum
788 2697 856 2754 quae
877 2679 1054 2736 inveniuntur
1075 2681 1103 2736 in
1125 2680 1185 2736 eod.
1207 2679 1270 2735 Ber·

360 2762 432 2818 neusi
452 2781 504 2822 ms.
528 2762 610 2822 maih'.
629 2765 691 2823 250
709 2767 736 2821 in
756 2773 869 2840 quarto,
891 2782 961 2822 saec.
978 2765 1012 2820 iii
1029 2764 1070 2819 vel
1089 2765 1121 2821 Χ.
1153 2765 1192 2821 ibi
1206 2772 1269 2839 post

359 2839 494 2906 Calculum
509 2849 623 2908 Victorii
643 2846 740 2927 (nuper
755 2868 769 2906 a
783 2849 901 2908 Chrisiio
919 2844 1029 2926 editum)
1051 2851 1140 2907 variae
1161 2848 1269 2906 tabulae

363 2923 489 3002 leguntur
503 2935 546 2991 his
562 2935 648 2991 titulis
662 2933 788 3008 praefixis

508 3035 646 3077 onnnnra
668 3035 828 3078 munuum
850 3035 997 3078 Pennana

508 3121 586 3161 rann
606 3120 747 3162 uncinus
768 3119 836 3162 ruc-

508 3206 550 3246 ου
573 3204 776 3247 accusamus
797 3205 878 3247 uvuc
898 3205 1059 3254 noovruun

507 3290 551 3330 nc
571 3288 673 3332 nunus
694 3289 837 3339 mommo

507 3374 549 3414 na
573 3373 677 3416 aratus
700 3373 869 3416 rounnnura

507 3456 628 3502 nonnae
649 3457 821 3501 roununuu
841 3458 1071 3501 unmcruamuu
1094 3457 1223 3508 Quonim

552 3543 670 3586 omnmo
693 3545 726 3586 ru
748 3542 1017 3586 commemoremus
1041 3542 1249 3588 corrumpitur.

367 3595 476 3679 Scripsit
491 3611 558 3670 haec
574 3613 688 3670 Adoiius
704 3612 841 3686 Kiessiiug
863 3613 891 3668 in
913 3612 1029 3687 epistula
1047 3612 1080 3668 ad
1096 3612 1144 3668 Th.
1160 3613 1270 3668 iiomm·

366 3699 457 3820 penum
474 3695 550 3770 data,
571 3698 648 3754 cuius
670 3697 852 3773 inspiciendae
875 3697 922 3754 hic
943 3695 1058 3755 comiter
1077 3699 1183 3772 copiam
1204 3695 1294 3756 mihi.

378 3772 435 3830 ccii.

713 3863 915 3875 ...ιι-ι...-
