3534 4400
488 429 539 475 XX
849 430 1040 472 enarrante.

489 586 556 626 num
576 568 604 623 in
620 566 742 624 Gromat.
756 582 783 641 p.
799 567 872 635 339,
889 567 946 633 27;
962 566 1043 640 paulo
1062 567 1168 622 diversa
1184 566 1287 640 legitur
1304 566 1333 620 in
1349 564 1407 619 llu-
1512 610 1513 623 .

490 654 592 710 boensi
612 652 684 709 libro
704 654 746 709 sic
767 652 826 710 lere
847 645 876 725 ὖ
903 652 948 722 (ir.
965 650 1025 708 135
1043 650 1061 721 S
1080 650 1138 723 14).
1174 652 1243 707 'lum
1264 650 1292 705 in
1310 650 1405 705 eodem

490 738 635 794 Hntlnensi
654 737 714 793 aliis
729 736 799 793 locis
814 753 845 792 ea
859 736 948 793 torma
965 744 1105 809 comparet
1120 752 1189 809 quae
1205 733 1343 791 simillima
1362 743 1407 789 est

489 822 609 879 Graecae
623 821 730 878 litterae
741 822 769 893 Ζ,
785 838 866 895 quam
881 821 1018 894 expressit
1029 820 1174 887 Christius,
1189 837 1251 876 cum
1266 836 1298 875 ex
1314 818 1407 875 codice

491 904 684 978 bambergensi
705 906 812 962 saecli
832 914 861 963 et
880 906 914 961 xt
935 905 1083 962 Victorium
1103 914 1131 960 et
1149 903 1290 961 Abbonem
1309 903 1406 968 edidit,

491 1010 518 1065 p.
528 990 588 1049 136
596 1007 635 1046 vs.
645 990 674 1060 t,
686 1008 713 1063 p.
723 990 781 1045 141
795 985 879 1061 eet.¹).
904 990 961 1063 ligo
976 990 1077 1065 ubique
1091 988 1223 1046 Graecum
1236 989 1254 1049 ζ
1268 989 1344 1054 dedi3
1359 1004 1409 1043 an·
1513 1044 1514 1083 p

493 1076 600 1149 tiqulor
610 1083 702 1133 autern
712 1074 800 1131 torma
812 1075 865 1131 luit
878 1069 917 1145 Ζ,
931 1091 1001 1149 quae
1011 1076 1122 1149 saepius
1132 1075 1272 1147 reperitur
1282 1076 1309 1128 in
1323 1074 1410 1129 l'ron·

493 1159 544 1216 tini
564 1159 659 1216 codice
672 1159 835 1216 Cassinensi.
871 1160 925 1215 lain
941 1157 1005 1216 huic
1020 1162 1151 1215 sextantis
1166 1167 1248 1216 uotae
1263 1160 1286 1214 si
1301 1157 1411 1216 additur

492 1244 582 1300 brevis
593 1243 693 1300 lineola
702 1244 813 1319 oblique
821 1244 992 1319 ducta(quae
1004 1246 1116 1318 proprie
1128 1252 1282 1299 transversa
1293 1260 1353 1299 esse
1362 1242 1411 1297 de-

388 1352 393 1361 ’
493 1328 552 1385 buit
566 1328 607 1385 sic
621 1358 663 1397 -,
678 1330 784 1385 unciam
796 1327 957 1403 sigificans),
974 1328 1208 1401 nequedum,
1226 1328 1267 1385 sie
1277 1326 1309 1387 ΖΙ
1318 1370 1324 1382 .
1355 1326 1408 1382 Sed

493 1413 521 1469 bi
532 1412 642 1483 duetus,
658 1413 732 1486 quod
742 1430 822 1469 uerno
833 1414 988 1483 mirabitur,
1003 1416 1029 1469 in
1046 1412 1186 1471 codicibus
1201 1416 1228 1469 in
1244 1429 1329 1468 uuum
1343 1428 1411 1469 eon·

494 1498 575 1554 tracti
595 1506 675 1554 sunt:
696 1499 756 1553 vide
774 1499 937 1555 Lachmann.
957 1518 983 1573 p.
998 1498 1077 1569 339,
1101 1498 1157 1568 28,
1184 1496 1282 1553 Christ
1300 1515 1327 1571 p.
1348 1496 1411 1554 136

493 1600 532 1639 rs.
549 1582 605 1653 13,
628 1600 656 1655 p.
675 1582 734 1638 141
749 1602 788 1639 vs.
806 1584 863 1655 16,
883 1602 911 1658 p.
929 1583 989 1641 143
1004 1591 1056 1640 cet.
1070 1582 1156 1639 Porro
1174 1584 1287 1639 triens
1303 1590 1347 1638 est
1359 1581 1413 1637 du·

494 1666 593 1742 plicata
608 1667 740 1724 sextantis
756 1677 836 1738 nota,
857 1670 898 1726 sic
911 1668 960 1739 tl,
983 1679 1040 1725 tum
1057 1668 1235 1741 quincunx
1252 1675 1361 1723 constat
1376 1683 1413 1723 ex

496 1758 619 1808 sextante
641 1759 668 1808 et
691 1753 858 1826 quadrante,
881 1756 921 1810 sic
936 1753 1001 1813 ZZ‘.
1034 1753 1104 1809 Haec
1127 1761 1252 1810 accurate
1274 1753 1413 1824 expressit

493 1836 680 1892 Lachmannus
696 1855 723 1910 p.
735 1838 807 1909 339,
825 1837 876 1906 29,
891 1857 918 1911 p.
935 1838 1007 1908 340,
1025 1838 1051 1892 1.
1083 1837 1115 1892 Et
1129 1840 1156 1892 in
1171 1838 1264 1893 codice
1279 1837 1411 1892 bernensi

494 1920 590 1975 eodem
610 1920 693 1976 modo
717 1922 803 1976 triens
824 1930 982 1979 contractus
1006 1930 1048 1977 est
1068 1938 1099 1977 ex
1119 1919 1256 1994 duplicata
1276 1922 1412 1977 sextantis

495 2011 561 2061 uota
576 2020 656 2076 quam
671 2022 754 2079 supra
765 2005 890 2078 exhibui,
908 2008 1047 2081 quincunx
1060 2006 1154 2062 eadem
1168 2005 1305 2079 duplicata
1316 2013 1344 2061 et
1356 2004 1414 2060 vir-

484 2086 558 2163 ,gula
576 2088 686 2162 obliqua
704 2090 794 2147 addita
810 2100 944 2148 exaratus.
979 2091 1007 2146 ln
1023 2089 1170 2147 Mutinensi
1185 2100 1274 2146 antem
1290 2099 1319 2145 et
1333 2090 1413 2146 Ram·

494 2173 622 2248 bergensi
643 2174 737 2232 codice
759 2174 810 2231 bae
828 2184 910 2233 notae
932 2176 1056 2234 turbatae
1070 2184 1150 2246 sunt,
1174 2175 1307 2249 siquidem
1324 2176 1412 2231 triens

494 2259 665 2332 compositus
687 2269 729 2316 est
750 2277 782 2316 ex
803 2261 952 2334 quadrante
973 2269 1001 2318 et
1023 2261 1153 2333 semisse,
1174 2259 1232 2320 Z‘S
1250 2257 1358 2336 (Christ.
1381 2279 1412 2334 p.

497 2342 557 2400 143
577 2361 616 2399 ns.
638 2343 705 2417 21),
728 2345 865 2419 quincunx
885 2363 917 2402 ex
939 2347 1087 2420 quadrante
1109 2356 1137 2402 et
1157 2353 1307 2420 septunce,
1328 2343 1404 2402 Z‘S‘

495 2427 606 2500 (Gbrlst.
623 2429 689 2485 ibid.
704 2447 744 2486 vs.
760 2429 827 2503 20),
851 2448 921 2503 quae
942 2447 1069 2506 perversa
1092 2446 1152 2486 esse
1169 2439 1290 2503 apparet.
1305 2461 1348 2471 -
1362 2429 1415 2485 Se·

495 2513 591 2587 quitur
612 2515 735 2585 semis,
755 2518 833 2573 cuius
853 2516 992 2590 antiquam
1007 2524 1098 2574 uotam
1114 2511 1135 2574 S
1150 2517 1187 2571 ita
1202 2523 1307 2570 tantum
1322 2521 1414 2570 muta·

496 2600 534 2654 nit
555 2597 683 2656 librarius
704 2601 806 2657 codicis
826 2601 986 2672 Beruensis,
1007 2609 1038 2656 ut
1058 2617 1161 2657 cornua
1184 2616 1267 2673 supra
1290 2607 1319 2654 et
1338 2598 1414 2654 inira

495 2682 578 2756 paulo
608 2682 716 2742 brevius
739 2685 859 2742 duceret.
905 2687 933 2741 ln
956 2686 1101 2742 Mutinensi
1127 2684 1219 2741 codice
1240 2684 1360 2758 itemque
1382 2685 1414 2739 in

496 2767 618 2823 Gudiano
634 2767 717 2842 (apud
730 2769 891 2826 Lachmann.
907 2787 934 2844 p.
947 2771 1024 2841 339,
1040 2772 1066 2828 7.
1084 2770 1112 2827 8.
1129 2768 1200 2838 340,
1215 2767 1233 2824 2
1249 2765 1296 2842 ss.)
1311 2769 1413 2825 ductus

496 2858 604 2906 exstant
615 2853 757 2909 admodum
774 2854 877 2910 similes
893 2863 972 2911 notae
984 2861 1013 2913 5.
1045 2855 1164 2928 lienique
1179 2856 1205 2909 in
1220 2853 1415 2927 bambergensi

496 2929 572 2993 Sita
595 2944 767 2993 extenuatum
789 2947 847 3009 est,
867 2946 899 2994 ut
919 2940 1028 2996 accedat
1051 2940 1084 2995 ad
1106 2929 1252 2998 sormamb
1269 2936 1302 3008 (v.
1319 2938 1414 2995 Christ

496 3038 522 3093 p.
542 3018 620 3090 143,
639 3020 677 3077 19
693 3021 766 3094 cet).
801 3024 867 3079 Tum
882 3023 914 3079 lit
929 3033 1078 3098 septunx
1095 3024 1185 3080 addito
1200 3023 1300 3080 unciali
1315 3023 1412 3092 ductu,

495 3109 531 3162 ss
540 3146 548 3176 ,
565 3103 611 3178 qui
627 3105 724 3162 ductus
740 3125 834 3164 rursus
848 3110 874 3165 in
891 3126 974 3164 unum
989 3110 1120 3166 contracti
1138 3116 1203 3165 sunt
1219 3109 1244 3164 in
1261 3105 1413 3164 codicibus.

497 3190 559 3246 Bes
575 3193 746 3264 compositus
763 3201 805 3249 est
823 3210 855 3249 ex
871 3194 986 3250 semisse
1003 3202 1030 3251 et
1046 3201 1178 3261 sextante,
1199 3191 1247 3262 51,
1263 3192 1411 3248 dodrans

497 3290 529 3330 ex
557 3276 669 3332 semisse
689 3286 717 3332 et
738 3278 903 3350 quadrante,
929 3277 999 3348 51²,
1028 3278 1173 3336 dextans
1197 3295 1228 3334 ex
1249 3278 1361 3336 semisse
1384 3285 1414 3334 et

497 3360 613 3429 triente,
638 3358 711 3433 att,
739 3363 854 3436 denique
877 3363 988 3419 deunx
1014 3381 1047 3420 ex
1066 3366 1176 3419 semisse
1198 3370 1225 3418 et
1247 3361 1412 3436 quincunce,

495 3441 581 3504 SZZ‘.
628 3444 698 3502 llaec
721 3448 809 3503 omnia
831 3450 897 3504 satis
921 3449 1064 3523 perspicue
1087 3456 1193 3518 exarata
1215 3455 1278 3504 sunt
1300 3447 1327 3502 in
1346 3445 1413 3506 Ber·

565 3592 593 3660 1)
612 3595 784 3661 Ubicumque
807 3595 881 3646 iufra
904 3596 937 3646 de
959 3596 1003 3647 his
1027 3598 1098 3647 notis
1121 3596 1242 3647 breviter
1259 3593 1413 3645 Christium

497 3661 606 3725 citabo,
628 3662 698 3714 scito
716 3661 843 3728 intellegi
861 3664 920 3714 eius
939 3664 1161 3715 commentarium
1180 3664 1214 3714 de
1233 3663 1350 3712 Victorii
1368 3677 1413 3712 ar·

497 3734 626 3850 ppppenllo
645 3731 802 3864 callpplanqi
821 3729 1063 3798 (Sitzunqsbeaiellte
1081 3734 1129 3783 der
1147 3733 1305 3783 Mdnrdener
1322 3731 1410 3782 Aean.

564 3836 572 3850 .
605 3836 611 3848 .
631 3815 656 3866 p.
742 3815 799 3853 ss..
