3534 4400
499 362 541 425 80
714 446 717 450 .
744 380 818 423 nour
840 382 858 423 n
880 380 981 423 rasro
1004 380 1044 422 ar
1066 380 1181 423 pauno.
1340 360 1409 443 [tir]

499 513 607 575 libram
630 514 738 583 ferito’‚
763 531 827 573 asse
850 514 981 591 tangitur
1003 511 1088 573 libra.
1127 511 1244 573 Cinoius
1267 513 1304 574 de
1322 512 1410 591 perbis

498 615 605 693 priscis
638 615 679 675 sio
713 616 765 674 ait:
797 612 1064 692 ‘quemadmodum
1087 614 1183 673 omnis
1206 613 1269 674 iere
1297 614 1410 673 materia

499 732 558 775 non
592 696 756 775 deformata
786 713 868 773 rudis
893 711 1072 791 appellatur,
1109 714 1184 775 sicut
1210 698 1410 775 vestimentum

499 816 587 887 rude,
612 834 672 876 non
694 812 891 895 perpolitum,
914 815 959 874 sin
980 831 1032 874 aes
1052 812 1193 875 iniectum
1206 813 1409 876 rudusculum.
1479 842 1482 859 ι

466 916 578 994 bapnd
608 917 711 977 aedem
738 913 882 992 Apollinis
915 930 965 975 aes
997 913 1157 976 condatum
1186 916 1290 975 iacuit:
1326 914 1411 975 idad

499 1018 604 1078 rudus·
622 1014 819 1095 appellabant.
863 1017 895 1075 iu
916 1016 1119 1076 aestimatione
1142 1017 1278 1076 censoria
1302 1033 1353 1076 aes
1372 1016 1411 1074 in·

499 1117 610 1179 fectum
633 1116 726 1177 rudus
749 1113 938 1195 appellatur.’

565 1216 656 1297 [292]
670 1219 768 1293 Semis,
783 1220 1087 1291 semodius„semunoia
1102 1237 1136 1277 er
1148 1219 1250 1276 Graeco
1264 1221 1412 1289 trahuntur,

500 1306 572 1362 sieut
587 1304 680 1367 etaiia
696 1303 839 1374 nonnulla,
857 1322 927 1377 quae
938 1299 959 1362 S
972 1304 1091 1361 litteram
1106 1321 1158 1377 pro
1174 1303 1360 1377 adspiratione
1374 1320 1413 1359 eo·

452 1388 483 1436 10
500 1406 561 1446 rum
577 1388 696 1459 habent,
716 1396 746 1444 ut
761 1382 842 1447 ἑπτά
857 1398 979 1462 septem,
1001 1380 1075 1445 ὕλαι
1090 1388 1182 1445 silvae.
1214 1390 1254 1444 sic
1268 1390 1323 1445 ista
1339 1388 1370 1444 ab
1385 1404 1412 1444 eu

503 1473 577 1547 quod
591 1472 631 1529 iiii
646 1467 736 1545 ἥμιευ
753 1471 847 1529 dicuat
864 1472 998 1529 declinata
1013 1482 1087 1529 sunt.
1161 1497 1166 1504 ·

566 1567 678 1651 [334b]
702 1569 860 1631 sestertius
883 1569 990 1629 dieitur
1010 1576 1114 1646 quarta
1134 1585 1205 1645 pars
1220 1568 1340 1640 denari,
1363 1586 1413 1647 quo

500 1677 636 1750 ternpore
659 1672 683 1730 is
706 1670 837 1731 decussis
859 1669 990 1739 valebat,
1014 1669 1044 1730 id
1067 1677 1111 1730 est
1133 1669 1303 1747 dupondius
1327 1668 1357 1732 S.
1411 1691 1419 1719 ¹

567 1771 657 1852 [335]
675 1774 825 1831 Sestertius
842 1775 941 1832 dieitur
957 1783 1053 1848 quarta
1068 1793 1132 1849 pars
1151 1772 1268 1847 denarii,
1283 1792 1341 1850 quo
1358 1784 1415 1831 tem·

452 1869 483 1919 15
501 1877 569 1934 pore
584 1861 607 1915 is
623 1860 744 1915 decussis
762 1859 881 1928 valebat,
899 1859 925 1915 id
943 1868 985 1915 est
1001 1860 1155 1933 dupondius
1171 1860 1199 1915 et
1214 1862 1306 1916 semis.

566 1952 1012 2035 [mensuratione.
1038 2002 1044 2015 .
1070 1956 1117 2017 ait
1143 1956 1235 2035 siena
1263 1956 1415 2018 continere

502 2054 633 2132 dupundi
662 2062 691 2113 et
719 2055 858 2128 semissis.
904 2054 986 2115 unde
1014 2057 1176 2117 serantina
1204 2055 1309 2117 dietus
1332 2056 1416 2137 quari

501 2153 595 2216 semis
623 2154 737 2216 tertius.
783 2156 835 2218 sed
858 2165 961 2218 auctos
983 2174 1050 2218 esse
1068 2164 1184 2238 postea
1205 2174 1297 2219 orrea
1319 2160 1353 2220 in
1373 2174 1414 2218 se·

501 2256 619 2317 stertio.
666 2255 744 2334 apud
767 2258 903 2337 antiquos
926 2267 1024 2320 autem
1048 2258 1173 2320 denarii
1194 2258 1348 2321 denorum
1369 2277 1414 2318 as·
1488 2253 1489 2287 ³

450 2371 483 2420 20
501 2356 580 2416 sinna
603 2363 700 2425 erant,
725 2365 754 2418 et
774 2357 913 2418 valebant
933 2359 1073 2420 decurris
1094 2360 1341 2440 dicebanturque
1362 2369 1431 2422 tum·

501 2458 681 2540 quadripati
708 2458 808 2536 bigati.
854 2461 1043 2538 quinquessir
1069 2461 1138 2521 item
1160 2459 1289 2522 valebat
1311 2462 1414 2544 quino·

498 2559 578 2620 rino.
622 2558 703 2620 idern
736 2568 849 2622 auctor
879 2568 925 2621 est
956 2579 1112 2651 numerum
1140 2563 1216 2623 aeris
1243 2564 1416 2642 perductum

501 2677 569 2720 esse
597 2659 640 2720 ad
663 2657 740 2720 XVI
765 2661 797 2720 in
826 2660 958 2723 denario
981 2663 1047 2741 lepe
1069 2661 1219 2724 Flaminia
1242 2665 1343 2726 minus
1356 2663 1417 2749 soi·

500 2762 601 2830 vendi,
636 2779 703 2822 cum
732 2757 924 2821 Hannibalis
959 2761 1038 2860 bello
1068 2771 1259 2841 premeretur
1293 2766 1417 2846 popuius

453 2860 662 2924 ardemanus.

567 3096 593 3144 4.
613 3093 677 3144 rudi
697 3097 754 3150 eod.
840 3095 1063 3150 rudusouiir‘ood.
1167 3103 1193 3150 6.
1211 3101 1417 3152 inestimatione

722 3173 737 3200 u

499 3214 556 3265 eod.
628 3216 651 3265 7.
672 3213 753 3280 rudis
772 3216 828 3265 ead.
886 3217 912 3266 8.
932 3218 1000 3279 conf.
1014 3218 1137 3284 reliquiae
1155 3220 1264 3270 eiusdem
1282 3221 1333 3271 ieri
1349 3219 1418 3285 apud

499 3297 601 3346 Festum
671 3297 965 3363 grecothrahunturG
1050 3304 1075 3352 9.
1094 3301 1218 3352 litteram
1234 3302 1327 3354 Fertne
1344 3310 1370 3354 et
1389 3302 1417 3364 G,

499 3379 611 3429 literam
623 3385 695 3445 arripe
765 3384 805 3433 10.
826 3383 925 3448 epona,
987 3384 1076 3448 plaid
1145 3389 1185 3436 11.
1197 3387 1310 3466 ymisiG
1378 3389 1416 3436 12.

502 3464 616 3514 ‘denari
638 3480 709 3516 corr.
726 3480 778 3516 see.
797 3482 863 3519 man.
882 3466 1006 3519 denarii’
1029 3469 1100 3522 Keil.
1187 3473 1228 3522 13.
1247 3471 1292 3522 his
1309 3469 1417 3522 decusis

501 3549 558 3598 eod.
634 3550 972 3614 inpoenitentium.
998 3554 1099 3604 tertius
1186 3555 1226 3606 16.
1244 3558 1417 3622 reapplerneuta

501 3631 574 3682 nnius
590 3633 641 3681 loci
658 3628 765 3698 repetivi
782 3649 817 3686 ere
829 3635 979 3686 Momrnreni
997 3637 1026 3688 G.
1044 3637 1076 3692 a.
1094 3637 1134 3690 M.
1149 3655 1177 3704 p.
1196 3641 1248 3692 289
1318 3641 1357 3694 li.
1375 3653 1416 3687 se·

503 3714 581 3766 miais
598 3715 656 3769 eod.
675 3716 726 3782 (K)
796 3719 838 3772 24.
857 3717 889 3770 P.
908 3719 941 3771 R.
960 3722 1019 3772 aad.

1478 783 1481 822 1

1479 863 1482 894 ι

1479 1225 1484 1374 i
