3534 4400
632 428 833 485 {sempronius
854 434 1010 481 nominos.
1236 417 1276 481 41

360 573 431 652 qus‘e
447 582 496 632 est
511 573 545 630 de
559 575 726 649 ponderibus
742 571 788 649 (ir.
801 571 862 648 95).
892 576 940 632 llic
952 593 1036 649 pauca
1046 577 1193 633 'nrlmodum
1206 577 1278 651 apud

358 660 471 717 Calvum
498 656 534 715 ab
555 676 587 716 ca
607 659 695 717 forma
715 676 795 735 quam
818 677 870 717 nos
896 660 1029 717 edidimus
1054 656 1225 737 dillerunt¹),
1251 663 1278 718 in

360 745 462 820 quilius
485 744 650 818 gravissima
668 752 733 801 sunt
753 745 822 816 duo,
845 747 961 819 primum
984 746 1056 819 quod
1073 744 1144 802 Calvi
1160 746 1280 819 scriptor

359 831 387 903 [S
403 830 423 887 6
437 852 485 884 ==
500 830 538 885 ln.
553 828 610 898 95,
628 828 658 901 5)
679 829 761 887 variis
783 830 919 887 drachmis
939 831 967 887 in
989 828 1167 887 Alexandrina
1189 829 1280 887 tabula

360 914 535 972 enumeratis
546 913 655 970 addidit
668 914 855 985 Deliacam,
877 922 935 971 tum
955 915 1028 989 quod
1049 916 1076 971 in
1091 914 1145 971 fine
1160 912 1189 986 (S
1205 914 1223 971 9
1238 934 1281 966 =

360 1000 391 1057 ln.
410 999 471 1071 95,
489 994 522 1073 8)
538 997 611 1055 Calvi
632 998 702 1056 liber
717 1007 746 1055 et
759 998 900 1057 nonnullis
920 1000 1084 1075 corruptelis
1103 1000 1203 1056 vacavit
1222 998 1281 1072 qui·

360 1083 411 1141 bus
432 1083 537 1157 reliqui
555 1082 665 1141 codices
684 1082 809 1141 laborant
830 1093 857 1141 et
879 1084 1010 1157 quaedam
1025 1102 1080 1141 nou
1099 1085 1197 1141 iniuria
1213 1084 1281 1139 omi-

362 1169 432 1225 sisse
453 1168 573 1227 videtur.
618 1166 692 1235 Quae
717 1170 769 1226 iam
793 1170 833 1227 sic
853 1169 926 1224 inter
945 1187 975 1226 se
998 1170 1172 1229 conseramus
1194 1176 1226 1224 ut
1250 1185 1281 1224 ex

362 1252 432 1310 Calvi
447 1253 682 1327 interpretatione
695 1252 795 1311 Graeca
809 1252 884 1310 illius
899 1256 1043 1328 scriptoris
1058 1252 1282 1335 verbsurestituu·

361 1354 420 1394 mus
442 1354 542 1412 eaque·
560 1353 630 1411 quae
650 1340 677 1393 in
694 1336 872 1395 Alexandrina
893 1336 983 1396 tabule
1001 1340 1129 1396 dillerunt
1144 1338 1222 1395 uncis
1240 1338 1282 1393 in·

363 1421 436 1478 cluss
452 1422 652 1496 adiungamus:
669 1417 845 1496 Διαιρεῖται
859 1417 895 1481 δὲ
908 1416 957 1521 [ἐκ
967 1417 1149 1497 περιαυεία(
1160 1418 1211 1481 καὶ
1221 1422 1279 1479 add.

364 1500 419 1583 lt]
446 1502 488 1566 τὸ
518 1500 672 1580 δηνάριον
691 1502 781 1566 ’κατὰ
804 1502 981 1580 Ῥωμαιοις
1007 1501 1051 1567 εἰς
1077 1502 1155 1581 μέρη
1182 1496 1282 1589 ‘opud‘

364 1583 473 1668 [ocuti'
487 1586 563 1669 tt.]·
587 1584 651 1665 ἔχει
665 1586 727 1665 γὰρ
741 1586 900 1664 τροπαϊκὰ
916 1584 942 1665 β’
957 1586 1047 1669 [μέρη
1064 1585 1103 1665 ιβ’
1119 1586 1191 1669 11],
1208 1584 1282 1651 νού-

366 1688 443 1745 μονε
457 1668 499 1748 δ’,
515 1669 647 1749 sesopia
661 1672 697 1735 δὲ
712 1668 758 1742 iss.
783 1670 803 1734 δ
819 1672 854 1735 δὲ
869 1674 990 1747 ναῦμοε
1005 1670 1139 1745 οὐγγίαν
1156 1670 1221 1748 ἔχει
1235 1674 1282 1751 τῷ

366 1760 499 1839 ιταθμῷ.
545 1755 640 1820 τὸδὲ
660 1755 809 1833 occupor
830 1757 993 1834 διαιρεῖται
1012 1752 1060 1819 εἴ(
1079 1774 1113 1819 τε
1132 1764 1152 1816 s
1176 1754 1226 1818 καὶ
1246 1749 1283 1827 γ”

364 1839 413 1901 καὶ
429 1836 467 1903 δ”
484 1841 538 1904 καὶ
554 1838 591 1911 cst
606 1841 657 1904 καὶ
669 1832 707 1918 η”
723 1840 773 1903 καὶ
787 1837 823 1904 δ”
837 1840 888 1903 καὶ
903 1834 929 1903 ι”
944 1839 1008 1921 [καὶ
1022 1837 1071 1903 ια”
1086 1845 1145 1901 add.
1160 1838 1217 1921 At]
1227 1837 1283 1901 καὶ

367 1913 1284 2007 dffldmffmfflfflfflfflfflfflffi

368 2004 429 2087 [καὶ
444 2005 482 2087 ρ”
504 2008 558 2074 καὶ
571 2007 608 2074 ν”
622 2009 679 2092 Al]
698 2010 750 2074 καὶ
771 2006 836 2088 οβ”.
865 2009 905 2074 τὰ
926 2010 962 2073 δὲ
983 2010 1060 2088 μέρη
1084 2012 1184 2073 ταῦτα
1205 2007 1284 2073 ἰδία(

370 2090 543 2170 ὀνομαείαε
561 2093 626 2172 ἔχει
642 2095 730 2173 παρὰ
745 2097 812 2159 τοῖα
825 2094 994 2171 Ῥωμαίοις
1016 2096 1182 2169 δογιιταῑε.
1212 2096 1285 2155 Reit-

370 2197 419 2255 qua
434 2202 507 2260 quae
522 2186 578 2242 lsuc
592 2186 731 2260 pertinent
745 2203 828 2261 supra
844 2184 1023 2260 explicuimus
1039 2184 1068 2260 (S
1085 2184 1144 2242 115
1161 2182 1250 2256 esto).

430 2285 460 2341 ln
481 2287 571 2344 altera
591 2296 670 2360 parte
687 2303 755 2361 quae
771 2287 920 2362 respondet
934 2287 1114 2344 Alexandrino
1130 2287 1283 2360 fragmento
1326 2323 1338 2335 ··

371 2365 439 2443 περὶ
458 2365 589 2444 μέτρων
604 2370 667 2444 (81)
683 2381 794 2445 praeter
811 2373 929 2429 leviores
947 2372 1078 2445 quasdam
1094 2386 1137 2426 res
1154 2371 1224 2427 inira
1239 2370 1285 2425 ad·

372 2452 506 2528 notatas²)
521 2456 637 2512 maxims
651 2455 801 2513 differentia
817 2464 860 2513 est
876 2463 941 2529 post
958 2455 1039 2511 verba
1054 2450 1104 2513 καὶ
1118 2450 1158 2513 τὰ
1174 2448 1285 2532 {luipo

373 2600 575 2615 ———

437 2705 467 2768 1)
486 2706 599 2757 Omittit
612 2704 692 2756 calvi
711 2705 828 2771 scriptor
838 2703 925 2756 verbu
942 2702 977 2754 τὸ
994 2701 1025 2754 δὲ
1042 2701 1073 2754 ἐν
1090 2697 1286 2765 Ἀλεξανδρείᾳ

374 2784 457 2836 usqne
477 2774 514 2825 sd
531 2771 671 2838 τεαάρειε
689 2771 729 2838 (ρ.
741 2777 791 2824 301
802 2788 844 2824 vs.
856 2771 948 2835 3-9);
967 2776 1024 2822 tum
1035 2771 1108 2821 idem
1120 2774 1183 2836 post
1199 2769 1287 2820 verbs

376 2840 409 2902 τῇ
428 2837 549 2906 Ἰταλικῇ
568 2843 623 2907 μνᾷ
639 2858 666 2907 ρ.
684 2842 733 2892 301
751 2856 794 2892 vs.
814 2842 845 2892 16
864 2839 953 2890 addit:
985 2854 1049 2906 quoe
1073 2840 1194 2890 denarius
1210 2853 1286 2888 noeo-

377 2910 424 2968 ίαν,
440 2911 547 2972 plurimi
563 2911 627 2959 enim
644 2924 710 2959 nunc
724 2909 784 2972 fere
801 2912 827 2958 s'rr
844 2907 957 2959 omnibns
973 2907 1068 2958 Italica
1091 2913 1208 2961 utentum·
1230 2910 1288 2954 tum

376 2986 422 3051 ppo
438 2976 534 3028 serbis
551 2993 578 3042 p.
595 2978 644 3028 301
667 2991 708 3029 vs.
725 2978 759 3027 20
783 2977 865 3026 editis
883 2973 968 3026 πάλιν
985 2973 1021 3026 τὸ
1037 2972 1149 3038 γράμμα
1166 2975 1288 3036 ψεμμιῑιν

378 3049 407 3098 t·
435 3040 451 3094 ὁ
469 3040 571 3108 θέρμος
589 3040 730 3108 κερατίων
748 3036 771 3106 β’
794 3042 876 3095 Osiri
899 3045 1016 3109 scriptor
1034 3042 1133 3093 hebuit
1150 3037 1234 3091 πάλιν
1252 3038 1288 3090 τὸ

379 3104 485 3172 γράμμα
501 3109 585 3178 (ἔχει)
603 3109 721 3176 θέρμου(
738 3103 772 3176 γ’,
792 3109 809 3162 δ
826 3109 926 3176 θέρμοι
944 3108 1058 3175 κεράτια
1076 3102 1108 3174 β’,
1127 3108 1289 3170 quibuscum

381 3177 470 3226 confer
490 3180 579 3230 verba
597 3195 614 3230 s
632 3179 769 3230 Sslmssio
791 3179 880 3241 citata
903 3178 927 3232 tl
944 3195 970 3244 p.
990 3179 1036 3242 81,
1055 3178 1094 3239 ΙΙ)
1118 3182 1146 3226 et
1168 3175 1289 3226 Parisini

380 3237 442 3293 libri
459 3247 624 3313 scripturam
643 3245 690 3312 (sd
707 3249 721 3298 I
738 3263 765 3312 p.
783 3249 833 3299 301
851 3263 892 3299 vs.
912 3245 968 3310 19);
987 3245 1105 3309 deniqne
1124 3242 1204 3294 Calvi
1222 3243 1288 3293 scri·

381 3313 437 3370 ptor
449 3314 543 3366 omisit
552 3316 677 3380 proximo
689 3315 775 3367 verbs
787 3313 827 3366 ὼε
840 3312 913 3367 εἶναι
925 3319 978 3368 cet.
992 3311 1029 3378 (p.
1043 3315 1100 3374 301,
1115 3312 1241 3376 21-302,
1253 3311 1287 3373 2).

444 3398 471 3459 e)
497 3399 652 3466 Amphoroe
675 3398 799 3450 definitio
822 3400 852 3449 in
874 3397 955 3448 Oslvi
981 3397 1052 3448 libro
1074 3396 1172 3446 iisdem
1194 3395 1287 3447 verbis

384 3462 482 3528 scripta
501 3474 562 3519 esst
579 3482 650 3533 quse
668 3469 739 3520 citat
757 3466 922 3518 Salmasius:
945 3481 972 3518 ν.
989 3465 1043 3516 vol.
1062 3465 1076 3514 I
1093 3480 1120 3532 p.
1139 3466 1181 3526 81,
1200 3464 1222 3516 Ι.
1257 3463 1309 3514 In.

384 3526 564 3586 Alsxsndrins
581 3534 680 3586 tabule
697 3552 723 3600 p.
738 3537 796 3597 257,
810 3537 844 3587 25
855 3533 934 3585 libris
946 3533 1077 3584 traditum
1096 3536 1139 3582 est
1157 3529 1288 3594 βρόχον(;

386 3589 481 3650 Calvus
499 3608 590 3653 autem
608 3601 732 3666 πρόχου(
749 3602 851 3668 legisse
868 3601 987 3652 ridetur.
1022 3601 1053 3654 Ρ.
1066 3600 1152 3662 anst
1170 3599 1290 3649 Alexan·

386 3660 459 3715 drino
479 3670 575 3722 tabule
597 3675 675 3724 recto
696 3669 731 3734 δὴ
754 3667 853 3733 sorpto
871 3667 972 3733 habet,
1002 3667 1051 3718 ubi
1073 3663 1198 3728 δικογγία
1220 3666 1290 3732 legit

387 3725 490 3786 corus.
523 3738 610 3792 Paulo
633 3745 697 3806 post
718 3738 805 3790 verbs
829 3753 900 3803 quse
919 3735 993 3802 apud
1011 3734 1126 3787 Calvum
1145 3735 1289 3785 inveniun·

390 3797 429 3848 tur
443 3808 583 3858 sectarium
602 3823 664 3861 nero
684 3823 730 3859 seu
747 3813 840 3858 cesten
856 3805 982 3872 Aeppptti
998 3803 1091 3856 lenior
1108 3803 1195 3852 dicunt
1211 3814 1289 3865 repe·

466 4107 474 4130 ,
572 4071 583 4119 l
