<?xml version="1.0" encoding="UTF-8"?>
<!DOCTYPE html PUBLIC "-//W3C//DTD XHTML 1.0 Transitional//EN"
    "http://www.w3.org/TR/xhtml1/DTD/xhtml1-transitional.dtd">
<html xmlns="http://www.w3.org/1999/xhtml" xml:lang="en" lang="en">
 <head>
  <title>
</title>
<meta http-equiv="Content-Type" content="text/html;charset=utf-8" />
  <meta name='ocr-system' content='tesseract 3.04.00' />
  <meta name='ocr-capabilities' content='ocr_page ocr_carea ocr_par ocr_line ocrx_word'/>
</head>
<body>
  <div class='ocr_page' id='page_1' title='image "./metrologicorums00hultgoog_0183.png"; bbox 0 0 3534 4400; ppageno 0'>
   <div class='ocr_carea' id='block_1_1' title="bbox 661 435 1287 499">
    <p class='ocr_par' dir='ltr' id='par_1_1' title="bbox 661 435 1287 499">
     <span class='ocr_line' id='line_1_1' title="bbox 661 435 1287 499; baseline -0.003 0"><span class='ocrx_word' id='word_1_1' title='bbox 661 458 809 499; x_wconf 68' lang='lat' dir='ltr'>nonnoni</span> <span class='ocrx_word' id='word_1_2' title='bbox 832 458 874 498; x_wconf 79' lang='lat' dir='ltr'>An</span> <span class='ocrx_word' id='word_1_3' title='bbox 891 457 962 499; x_wconf 82' lang='lat' dir='ltr'>von.</span> <span class='ocrx_word' id='word_1_4' title='bbox 977 458 998 497; x_wconf 90' lang='lat'>1.</span> <span class='ocrx_word' id='word_1_5' title='bbox 1112 449 1114 451; x_wconf 80' lang='grc'><strong>’</strong></span> <span class='ocrx_word' id='word_1_6' title='bbox 1226 435 1287 498; x_wconf 88' lang='grc'>149</span> 
     </span>
    </p>
   </div>
   <div class='ocr_carea' id='block_1_2' title="bbox 364 588 1346 1091">
    <p class='ocr_par' dir='ltr' id='par_1_2' title="bbox 364 588 1346 1091">
     <span class='ocr_line' id='line_1_2' title="bbox 437 588 1287 669; baseline 0.001 -19"><span class='ocrx_word' id='word_1_7' title='bbox 437 594 498 653; x_wconf 89' lang='grc'>185</span> <span class='ocrx_word' id='word_1_8' title='bbox 513 614 551 651; x_wconf 88' lang='lat' dir='ltr'>vs.</span> <span class='ocrx_word' id='word_1_9' title='bbox 569 597 596 669; x_wconf 79' lang='lat'>7.</span> <span class='ocrx_word' id='word_1_10' title='bbox 619 589 665 653; x_wconf 87' lang='grc' dir='ltr'>Τὸ</span> <span class='ocrx_word' id='word_1_11' title='bbox 685 588 787 667; x_wconf 82' lang='grc' dir='ltr'>μίλιον</span> <span class='ocrx_word' id='word_1_12' title='bbox 806 602 857 651; x_wconf 88' lang='lat' dir='ltr'>cet.</span> <span class='ocrx_word' id='word_1_13' title='bbox 876 595 949 650; x_wconf 88' lang='lat' dir='ltr'>eiicit</span> <span class='ocrx_word' id='word_1_14' title='bbox 963 593 1061 649; x_wconf 84' lang='lat' dir='ltr'><strong>Christ.</strong></span> <span class='ocrx_word' id='word_1_15' title='bbox 1079 612 1105 668; x_wconf 93' lang='lat' dir='ltr'>p.</span> <span class='ocrx_word' id='word_1_16' title='bbox 1121 593 1183 651; x_wconf 97' lang='grc'>452</span> <span class='ocrx_word' id='word_1_17' title='bbox 1206 592 1287 669; x_wconf 86' lang='lat' dir='ltr'>(quae</span> 
     </span>
     <span class='ocr_line' id='line_1_3' title="bbox 365 677 1288 779; baseline -0.002 -42"><span class='ocrx_word' id='word_1_18' title='bbox 365 696 426 777; x_wconf 78' lang='lat' dir='ltr'>egp</span> <span class='ocrx_word' id='word_1_19' title='bbox 442 681 544 779; x_wconf 76' lang='lat' dir='ltr'>intacta</span> <span class='ocrx_word' id='word_1_20' title='bbox 560 680 658 753; x_wconf 84' lang='lat' dir='ltr'>reliqui</span> <span class='ocrx_word' id='word_1_21' title='bbox 674 696 704 735; x_wconf 89' lang='lat' dir='ltr'>ea</span> <span class='ocrx_word' id='word_1_22' title='bbox 722 680 754 736; x_wconf 93' lang='lat' dir='ltr'>de</span> <span class='ocrx_word' id='word_1_23' title='bbox 776 697 856 736; x_wconf 91' lang='lat' dir='ltr'>causa</span> <span class='ocrx_word' id='word_1_24' title='bbox 875 696 955 753; x_wconf 90' lang='lat' dir='ltr'>quam</span> <span class='ocrx_word' id='word_1_25' title='bbox 973 678 1026 734; x_wconf 89' lang='lat' dir='ltr'>vol.</span> <span class='ocrx_word' id='word_1_26' title='bbox 1042 677 1054 733; x_wconf 98' lang='lat' dir='ltr'>l</span> <span class='ocrx_word' id='word_1_27' title='bbox 1073 697 1100 753; x_wconf 94' lang='lat' dir='ltr'>p.</span> <span class='ocrx_word' id='word_1_28' title='bbox 1118 678 1158 735; x_wconf 88' lang='lat'>34</span> <span class='ocrx_word' id='word_1_29' title='bbox 1173 680 1231 735; x_wconf 92' lang='lat' dir='ltr'>init.</span> <span class='ocrx_word' id='word_1_30' title='bbox 1252 680 1288 735; x_wconf 86' lang='lat' dir='ltr'>si-</span> 
     </span>
     <span class='ocr_line' id='line_1_4' title="bbox 365 762 1346 922; baseline -0.003 -18"><span class='ocrx_word' id='word_1_31' title='bbox 365 762 559 906; x_wconf 56' lang='lat' dir='ltr'>r&gt;Ilffilasslllvs.</span> <span class='ocrx_word' id='word_1_32' title='bbox 582 848 630 906; x_wconf 92' lang='grc'>28.</span> <span class='ocrx_word' id='word_1_33' title='bbox 658 849 699 904; x_wconf 88' lang='lat' dir='ltr'>Ad</span> <span class='ocrx_word' id='word_1_34' title='bbox 721 848 802 905; x_wconf 91' lang='lat' dir='ltr'>verba</span> <span class='ocrx_word' id='word_1_35' title='bbox 823 843 868 907; x_wconf 89' lang='grc' dir='ltr'>Τὸ</span> <span class='ocrx_word' id='word_1_36' title='bbox 889 842 1039 922; x_wconf 87' lang='grc' dir='ltr'>ίούγερον</span> <span class='ocrx_word' id='word_1_37' title='bbox 1062 841 1127 920; x_wconf 83' lang='grc' dir='ltr'>ἔχει</span> <span class='ocrx_word' id='word_1_38' title='bbox 1147 855 1199 904; x_wconf 90' lang='lat' dir='ltr'>cet.</span> <span class='ocrx_word' id='word_1_39' title='bbox 1214 846 1288 903; x_wconf 88' lang='lat' dir='ltr'>conl.</span> <span class='ocrx_word' id='word_1_40' title='bbox 1341 880 1346 889; x_wconf 89' lang='lat'><strong>·</strong></span> 
     </span>
     <span class='ocr_line' id='line_1_5' title="bbox 364 933 1290 1091; baseline -0.002 -17"><span class='ocrx_word' id='word_1_41' title='bbox 364 933 566 1075; x_wconf 39' lang='lat' dir='ltr'>Chrhllllllsg..</span> <span class='ocrx_word' id='word_1_42' title='bbox 584 1020 610 1075; x_wconf 86' lang='grc'>7.</span> <span class='ocrx_word' id='word_1_43' title='bbox 632 996 661 1075; x_wconf 56' lang='lat' dir='ltr'>8ss</span> <span class='ocrx_word' id='word_1_44' title='bbox 688 1017 774 1075; x_wconf 86' lang='lat' dir='ltr'>Verba</span> <span class='ocrx_word' id='word_1_45' title='bbox 795 1013 830 1077; x_wconf 92' lang='grc' dir='ltr'>Ἡ</span> <span class='ocrx_word' id='word_1_46' title='bbox 855 1011 971 1076; x_wconf 87' lang='grc' dir='ltr'>ἄκαινα</span> <span class='ocrx_word' id='word_1_47' title='bbox 991 1012 1055 1091; x_wconf 84' lang='grc' dir='ltr'>ἔχει</span> <span class='ocrx_word' id='word_1_48' title='bbox 1078 1048 1120 1060; x_wconf 89' lang='lat'><em>-</em></span> <span class='ocrx_word' id='word_1_49' title='bbox 1138 1010 1242 1076; x_wconf 89' lang='grc' dir='ltr'>πόδας</span> <span class='ocrx_word' id='word_1_50' title='bbox 1262 1005 1290 1072; x_wconf 83' lang='grc' dir='ltr'>θ’</span> 
     </span>
    </p>
   </div>
   <div class='ocr_carea' id='block_1_3' title="bbox 365 1102 1350 3884">
    <p class='ocr_par' dir='ltr' id='par_1_3' title="bbox 365 1102 1289 1262">
     <span class='ocr_line' id='line_1_6' title="bbox 365 1102 1289 1178; baseline -0.003 -19"><span class='ocrx_word' id='word_1_51' title='bbox 365 1102 507 1159; x_wconf 88' lang='lat' dir='ltr'>Christius</span> <span class='ocrx_word' id='word_1_52' title='bbox 523 1122 549 1178; x_wconf 88' lang='lat' dir='ltr'>p.</span> <span class='ocrx_word' id='word_1_53' title='bbox 565 1102 626 1160; x_wconf 88' lang='grc'>453</span> <span class='ocrx_word' id='word_1_54' title='bbox 644 1104 703 1159; x_wconf 85' lang='lat' dir='ltr'>adn.</span> <span class='ocrx_word' id='word_1_55' title='bbox 720 1104 757 1159; x_wconf 91' lang='lat' dir='ltr'>ita</span> <span class='ocrx_word' id='word_1_56' title='bbox 775 1102 906 1176; x_wconf 86' lang='lat' dir='ltr'>explicat,</span> <span class='ocrx_word' id='word_1_57' title='bbox 928 1112 959 1159; x_wconf 95' lang='lat' dir='ltr'>ut</span> <span class='ocrx_word' id='word_1_58' title='bbox 980 1118 1104 1160; x_wconf 91' lang='lat' dir='ltr'>acaenam</span> <span class='ocrx_word' id='word_1_59' title='bbox 1128 1102 1289 1158; x_wconf 81' lang='lat' dir='ltr'>Graecam</span> 
     </span>
     <span class='ocr_line' id='line_1_7' title="bbox 365 1187 1143 1262; baseline -0.003 -17"><span class='ocrx_word' id='word_1_60' title='bbox 365 1204 542 1258; x_wconf 89' lang='lat' dir='ltr'>mensuram,</span> <span class='ocrx_word' id='word_1_61' title='bbox 561 1188 643 1262; x_wconf 89' lang='lat' dir='ltr'>pedes</span> <span class='ocrx_word' id='word_1_62' title='bbox 659 1187 906 1244; x_wconf 89' lang='lat' dir='ltr'>Philetaereos</span> <span class='ocrx_word' id='word_1_63' title='bbox 925 1204 984 1243; x_wconf 90' lang='lat' dir='ltr'>esse</span> <span class='ocrx_word' id='word_1_64' title='bbox 999 1188 1078 1244; x_wconf 77' lang='lat' dir='ltr'>(licat.</span> <span class='ocrx_word' id='word_1_65' title='bbox 1140 1255 1143 1260; x_wconf 28' lang='grc' dir='ltr'>Ι</span> 
     </span>
    </p>

    <p class='ocr_par' dir='ltr' id='par_1_4' title="bbox 366 1266 1350 1432">
     <span class='ocr_line' id='line_1_8' title="bbox 436 1266 1350 1347; baseline -0.003 -20"><span class='ocrx_word' id='word_1_66' title='bbox 436 1270 498 1330; x_wconf 90' lang='grc'>202</span> <span class='ocrx_word' id='word_1_67' title='bbox 514 1290 553 1327; x_wconf 89' lang='lat' dir='ltr'>vs.</span> <span class='ocrx_word' id='word_1_68' title='bbox 569 1271 587 1328; x_wconf 87' lang='lat'>5</span> <span class='ocrx_word' id='word_1_69' title='bbox 603 1290 654 1347; x_wconf 91' lang='lat' dir='ltr'>pro</span> <span class='ocrx_word' id='word_1_70' title='bbox 670 1268 689 1345; x_wconf 89' lang='grc' dir='ltr'>ἡ</span> <span class='ocrx_word' id='word_1_71' title='bbox 706 1268 741 1331; x_wconf 81' lang='grc' dir='ltr'>δὲ</span> <span class='ocrx_word' id='word_1_72' title='bbox 757 1266 842 1346; x_wconf 87' lang='grc' dir='ltr'>βάςις</span> <span class='ocrx_word' id='word_1_73' title='bbox 864 1275 933 1330; x_wconf 88' lang='lat' dir='ltr'>coni.</span> <span class='ocrx_word' id='word_1_74' title='bbox 953 1267 991 1330; x_wconf 85' lang='grc' dir='ltr'>τὸ</span> <span class='ocrx_word' id='word_1_75' title='bbox 1012 1268 1048 1330; x_wconf 75' lang='grc' dir='ltr'>δὲ</span> <span class='ocrx_word' id='word_1_76' title='bbox 1069 1266 1166 1345; x_wconf 88' lang='grc' dir='ltr'>βάθος</span> <span class='ocrx_word' id='word_1_77' title='bbox 1190 1270 1289 1326; x_wconf 82' lang='lat' dir='ltr'><strong>Christ.</strong></span> <span class='ocrx_word' id='word_1_78' title='bbox 1343 1338 1350 1345; x_wconf 16' lang='grc' dir='ltr'><strong>ἡ</strong></span> 
     </span>
     <span class='ocr_line' id='line_1_9' title="bbox 366 1350 1294 1432; baseline 0 -19"><span class='ocrx_word' id='word_1_79' title='bbox 366 1377 395 1432; x_wconf 89' lang='lat' dir='ltr'>p.</span> <span class='ocrx_word' id='word_1_80' title='bbox 412 1354 494 1424; x_wconf 83' lang='grc'>454,</span> <span class='ocrx_word' id='word_1_81' title='bbox 513 1356 638 1431; x_wconf 85' lang='lat' dir='ltr'>idemque</span> <span class='ocrx_word' id='word_1_82' title='bbox 656 1376 694 1414; x_wconf 88' lang='lat' dir='ltr'>vs.</span> <span class='ocrx_word' id='word_1_83' title='bbox 712 1358 729 1413; x_wconf 82' lang='lat'><strong>7</strong></span> <span class='ocrx_word' id='word_1_84' title='bbox 744 1375 795 1432; x_wconf 92' lang='lat' dir='ltr'>pro</span> <span class='ocrx_word' id='word_1_85' title='bbox 813 1350 864 1415; x_wconf 84' lang='grc' dir='ltr'>ἐπὶ</span> <span class='ocrx_word' id='word_1_86' title='bbox 879 1353 938 1430; x_wconf 86' lang='grc' dir='ltr'>τὴν</span> <span class='ocrx_word' id='word_1_87' title='bbox 953 1351 1041 1431; x_wconf 87' lang='grc' dir='ltr'>βάςιν</span> <span class='ocrx_word' id='word_1_88' title='bbox 1060 1350 1112 1415; x_wconf 81' lang='grc' dir='ltr'>ἐπὶ</span> <span class='ocrx_word' id='word_1_89' title='bbox 1129 1350 1166 1414; x_wconf 86' lang='grc' dir='ltr'>τὸ</span> <span class='ocrx_word' id='word_1_90' title='bbox 1184 1350 1294 1429; x_wconf 85' lang='grc' dir='ltr'>βάθος.Ι</span> 
     </span>
    </p>

    <p class='ocr_par' dir='ltr' id='par_1_5' title="bbox 369 1439 1290 1600">
     <span class='ocr_line' id='line_1_10' title="bbox 436 1439 1290 1516; baseline 0 -21"><span class='ocrx_word' id='word_1_91' title='bbox 436 1439 499 1499; x_wconf 93' lang='grc'>203</span> <span class='ocrx_word' id='word_1_92' title='bbox 515 1459 554 1498; x_wconf 91' lang='lat' dir='ltr'>vs.</span> <span class='ocrx_word' id='word_1_93' title='bbox 573 1441 612 1497; x_wconf 93' lang='grc'>25</span> <span class='ocrx_word' id='word_1_94' title='bbox 629 1460 666 1497; x_wconf 90' lang='lat' dir='ltr'>ss.</span> <span class='ocrx_word' id='word_1_95' title='bbox 689 1441 719 1497; x_wconf 92' lang='lat' dir='ltr'>ln</span> <span class='ocrx_word' id='word_1_96' title='bbox 738 1442 896 1516; x_wconf 84' lang='lat' dir='ltr'>explicando</span> <span class='ocrx_word' id='word_1_97' title='bbox 917 1449 945 1498; x_wconf 92' lang='lat' dir='ltr'>et</span> <span class='ocrx_word' id='word_1_98' title='bbox 965 1441 1130 1497; x_wconf 91' lang='lat' dir='ltr'>emendando</span> <span class='ocrx_word' id='word_1_99' title='bbox 1152 1441 1204 1496; x_wconf 92' lang='lat' dir='ltr'>hoc</span> <span class='ocrx_word' id='word_1_100' title='bbox 1220 1439 1290 1496; x_wconf 88' lang='lat' dir='ltr'>diiii·</span> 
     </span>
     <span class='ocr_line' id='line_1_11' title="bbox 369 1525 1114 1600; baseline -0.004 -16"><span class='ocrx_word' id='word_1_101' title='bbox 369 1527 477 1584; x_wconf 90' lang='lat' dir='ltr'>cillimo</span> <span class='ocrx_word' id='word_1_102' title='bbox 493 1526 663 1600; x_wconf 78' lang='lat' dir='ltr'>problemate</span> <span class='ocrx_word' id='word_1_103' title='bbox 677 1526 825 1582; x_wconf 89' lang='lat' dir='ltr'>elaboravit</span> <span class='ocrx_word' id='word_1_104' title='bbox 840 1526 939 1583; x_wconf 81' lang='lat' dir='ltr'>Christ.</span> <span class='ocrx_word' id='word_1_105' title='bbox 957 1544 984 1600; x_wconf 92' lang='lat' dir='ltr'>p.</span> <span class='ocrx_word' id='word_1_106' title='bbox 1000 1525 1062 1582; x_wconf 84' lang='lat'>454</span> <span class='ocrx_word' id='word_1_107' title='bbox 1079 1545 1114 1581; x_wconf 93' lang='lat' dir='ltr'>ss.</span> 
     </span>
    </p>

    <p class='ocr_par' dir='ltr' id='par_1_6' title="bbox 366 1601 1294 2448">
     <span class='ocr_line' id='line_1_12' title="bbox 436 1601 1290 1685; baseline -0.004 -19"><span class='ocrx_word' id='word_1_108' title='bbox 436 1610 498 1669; x_wconf 90' lang='grc'>204</span> <span class='ocrx_word' id='word_1_109' title='bbox 517 1630 556 1668; x_wconf 87' lang='lat' dir='ltr'>vs.</span> <span class='ocrx_word' id='word_1_110' title='bbox 574 1612 592 1668; x_wconf 86' lang='grc'>6</span> <span class='ocrx_word' id='word_1_111' title='bbox 617 1628 667 1685; x_wconf 90' lang='lat' dir='ltr'>pro</span> <span class='ocrx_word' id='word_1_112' title='bbox 692 1606 771 1669; x_wconf 85' lang='grc' dir='ltr'>κατὰ</span> <span class='ocrx_word' id='word_1_113' title='bbox 791 1601 817 1669; x_wconf 82' lang='grc' dir='ltr'>δ’</span> <span class='ocrx_word' id='word_1_114' title='bbox 837 1606 944 1670; x_wconf 84' lang='grc' dir='ltr'>ξὲςτας</span> <span class='ocrx_word' id='word_1_115' title='bbox 961 1610 1058 1666; x_wconf 82' lang='lat' dir='ltr'>Christ.</span> <span class='ocrx_word' id='word_1_116' title='bbox 1080 1610 1099 1665; x_wconf 91' lang='lat'>1.</span> <span class='ocrx_word' id='word_1_117' title='bbox 1119 1627 1142 1666; x_wconf 89' lang='lat' dir='ltr'>c.</span> <span class='ocrx_word' id='word_1_118' title='bbox 1166 1609 1290 1663; x_wconf 87' lang='lat' dir='ltr'>restituit</span> 
     </span>
     <span class='ocr_line' id='line_1_13' title="bbox 366 1688 1289 1775; baseline -0.01 -20"><span class='ocrx_word' id='word_1_119' title='bbox 366 1690 456 1775; x_wconf 79' lang='grc' dir='ltr'>καταΙ</span> <span class='ocrx_word' id='word_1_120' title='bbox 468 1688 515 1753; x_wconf 88' lang='grc' dir='ltr'>κδ’</span> <span class='ocrx_word' id='word_1_121' title='bbox 531 1690 646 1756; x_wconf 82' lang='grc' dir='ltr'>ξέςτας.</span> <span class='ocrx_word' id='word_1_122' title='bbox 666 1726 707 1735; x_wconf 91' lang='grc'><strong>-</strong></span> <span class='ocrx_word' id='word_1_123' title='bbox 726 1696 792 1751; x_wconf 85' lang='lat' dir='ltr'>lbid.</span> <span class='ocrx_word' id='word_1_124' title='bbox 810 1695 882 1752; x_wconf 87' lang='lat' dir='ltr'>vs.8</span> <span class='ocrx_word' id='word_1_125' title='bbox 905 1704 970 1770; x_wconf 91' lang='lat' dir='ltr'>post</span> <span class='ocrx_word' id='word_1_126' title='bbox 992 1689 1118 1768; x_wconf 86' lang='grc' dir='ltr'>δέχεται</span> <span class='ocrx_word' id='word_1_127' title='bbox 1137 1710 1179 1749; x_wconf 86' lang='lat' dir='ltr'>me</span> <span class='ocrx_word' id='word_1_128' title='bbox 1203 1692 1289 1747; x_wconf 86' lang='lat' dir='ltr'>invito</span> 
     </span>
     <span class='ocr_line' id='line_1_14' title="bbox 366 1769 1290 1849; baseline -0.005 -10"><span class='ocrx_word' id='word_1_129' title='bbox 366 1780 511 1839; x_wconf 81' lang='lat' dir='ltr'>intercidit</span> <span class='ocrx_word' id='word_1_130' title='bbox 526 1774 619 1838; x_wconf 89' lang='grc' dir='ltr'>ςίτου.</span> <span class='ocrx_word' id='word_1_131' title='bbox 633 1812 669 1821; x_wconf 99' lang='grc'>-</span> <span class='ocrx_word' id='word_1_132' title='bbox 680 1780 745 1837; x_wconf 89' lang='lat' dir='ltr'>lbid.</span> <span class='ocrx_word' id='word_1_133' title='bbox 762 1798 799 1836; x_wconf 89' lang='lat' dir='ltr'>vs.</span> <span class='ocrx_word' id='word_1_134' title='bbox 817 1781 855 1837; x_wconf 89' lang='grc'>19</span> <span class='ocrx_word' id='word_1_135' title='bbox 877 1782 904 1836; x_wconf 91' lang='lat' dir='ltr'>in</span> <span class='ocrx_word' id='word_1_136' title='bbox 923 1781 1096 1836; x_wconf 82' lang='lat' dir='ltr'>adnotatione</span> <span class='ocrx_word' id='word_1_137' title='bbox 1112 1779 1143 1835; x_wconf 92' lang='lat' dir='ltr'>ad</span> <span class='ocrx_word' id='word_1_138' title='bbox 1159 1769 1290 1849; x_wconf 90' lang='grc' dir='ltr'>μοδίους</span> 
     </span>
     <span class='ocr_line' id='line_1_15' title="bbox 367 1855 1289 1941; baseline -0.004 -20"><span class='ocrx_word' id='word_1_139' title='bbox 367 1855 396 1941; x_wconf 86' lang='grc' dir='ltr'>β’</span> <span class='ocrx_word' id='word_1_140' title='bbox 416 1864 486 1921; x_wconf 88' lang='lat' dir='ltr'>adde</span> <span class='ocrx_word' id='word_1_141' title='bbox 506 1859 648 1937; x_wconf 70' lang='lat' dir='ltr'>‘hebione</span> <span class='ocrx_word' id='word_1_142' title='bbox 664 1856 691 1923; x_wconf 84' lang='grc' dir='ltr'>δ’</span> <span class='ocrx_word' id='word_1_143' title='bbox 707 1865 776 1921; x_wconf 93' lang='lat' dir='ltr'>alius</span> <span class='ocrx_word' id='word_1_144' title='bbox 791 1864 872 1921; x_wconf 89' lang='lat' dir='ltr'>liber&#39;</span> <span class='ocrx_word' id='word_1_145' title='bbox 891 1864 918 1936; x_wconf 91' lang='lat' dir='ltr'>(i.</span> <span class='ocrx_word' id='word_1_146' title='bbox 935 1882 959 1920; x_wconf 90' lang='lat' dir='ltr'>e.</span> <span class='ocrx_word' id='word_1_147' title='bbox 975 1859 1032 1919; x_wconf 85' lang='lat' dir='ltr'>C¹·²</span> <span class='ocrx_word' id='word_1_148' title='bbox 1047 1864 1075 1918; x_wconf 92' lang='lat' dir='ltr'>in</span> <span class='ocrx_word' id='word_1_149' title='bbox 1093 1871 1186 1919; x_wconf 89' lang='lat' dir='ltr'>nostra</span> <span class='ocrx_word' id='word_1_150' title='bbox 1203 1862 1289 1918; x_wconf 78' lang='lat' dir='ltr'>Hero·-</span> 
     </span>
     <span class='ocr_line' id='line_1_16' title="bbox 367 1941 1291 2024; baseline -0.005 -17"><span class='ocrx_word' id='word_1_151' title='bbox 367 1951 415 2007; x_wconf 90' lang='lat' dir='ltr'>nis</span> <span class='ocrx_word' id='word_1_152' title='bbox 433 1950 553 2005; x_wconf 88' lang='lat' dir='ltr'>editione</span> <span class='ocrx_word' id='word_1_153' title='bbox 568 1968 595 2024; x_wconf 89' lang='lat' dir='ltr'>p.</span> <span class='ocrx_word' id='word_1_154' title='bbox 613 1948 761 2020; x_wconf 80' lang='lat'>193‚14).</span> <span class='ocrx_word' id='word_1_155' title='bbox 794 1950 851 2007; x_wconf 90' lang='lat' dir='ltr'>Hoc</span> <span class='ocrx_word' id='word_1_156' title='bbox 863 1943 995 2022; x_wconf 87' lang='grc' dir='ltr'>μοδίους</span> <span class='ocrx_word' id='word_1_157' title='bbox 1010 1941 1038 2007; x_wconf 85' lang='grc' dir='ltr'>δ’</span> <span class='ocrx_word' id='word_1_158' title='bbox 1053 1950 1132 2005; x_wconf 86' lang='lat' dir='ltr'>citavi</span> <span class='ocrx_word' id='word_1_159' title='bbox 1152 1949 1178 2004; x_wconf 92' lang='lat' dir='ltr'>in</span> <span class='ocrx_word' id='word_1_160' title='bbox 1198 1945 1291 2022; x_wconf 90' lang='lat' dir='ltr'>prole·</span> 
     </span>
     <span class='ocr_line' id='line_1_17' title="bbox 367 2032 1291 2110; baseline -0.004 -19"><span class='ocrx_word' id='word_1_161' title='bbox 367 2034 499 2110; x_wconf 83' lang='lat' dir='ltr'>gomenis</span> <span class='ocrx_word' id='word_1_162' title='bbox 519 2053 547 2109; x_wconf 92' lang='lat' dir='ltr'>p.</span> <span class='ocrx_word' id='word_1_163' title='bbox 565 2035 604 2092; x_wconf 87' lang='grc'>63</span> <span class='ocrx_word' id='word_1_164' title='bbox 626 2044 704 2104; x_wconf 74' lang='lat' dir='ltr'>exto,</span> <span class='ocrx_word' id='word_1_165' title='bbox 730 2052 799 2108; x_wconf 89' lang='lat' dir='ltr'>quae</span> <span class='ocrx_word' id='word_1_166' title='bbox 820 2043 877 2091; x_wconf 93' lang='lat' dir='ltr'>tum</span> <span class='ocrx_word' id='word_1_167' title='bbox 901 2035 999 2108; x_wconf 85' lang='lat' dir='ltr'>scripsi</span> <span class='ocrx_word' id='word_1_168' title='bbox 1019 2052 1080 2090; x_wconf 91' lang='lat' dir='ltr'>cum</span> <span class='ocrx_word' id='word_1_169' title='bbox 1100 2035 1133 2089; x_wconf 92' lang='lat' dir='ltr'>de</span> <span class='ocrx_word' id='word_1_170' title='bbox 1156 2032 1291 2089; x_wconf 91' lang='lat' dir='ltr'>hocloco</span> 
     </span>
     <span class='ocr_line' id='line_1_18' title="bbox 368 2116 1292 2194; baseline -0.004 -18"><span class='ocrx_word' id='word_1_171' title='bbox 368 2119 482 2176; x_wconf 80' lang='lat' dir='ltr'>nullutn</span> <span class='ocrx_word' id='word_1_172' title='bbox 500 2120 619 2175; x_wconf 90' lang='lat' dir='ltr'>codicem</span> <span class='ocrx_word' id='word_1_173' title='bbox 635 2120 688 2175; x_wconf 90' lang='lat' dir='ltr'>nisi</span> <span class='ocrx_word' id='word_1_174' title='bbox 703 2118 779 2175; x_wconf 91' lang='lat' dir='ltr'>illum</span> <span class='ocrx_word' id='word_1_175' title='bbox 793 2120 814 2175; x_wconf 88' lang='lat' dir='ltr'><strong>G</strong></span> <span class='ocrx_word' id='word_1_176' title='bbox 829 2120 923 2191; x_wconf 82' lang='lat' dir='ltr'>(Paris.</span> <span class='ocrx_word' id='word_1_177' title='bbox 938 2116 1031 2190; x_wconf 90' lang='grc'>2438)</span> <span class='ocrx_word' id='word_1_178' title='bbox 1046 2120 1181 2194; x_wconf 81' lang='lat' dir='ltr'>inspicere</span> <span class='ocrx_word' id='word_1_179' title='bbox 1196 2126 1292 2191; x_wconf 91' lang='lat' dir='ltr'>potue-</span> 
     </span>
     <span class='ocr_line' id='line_1_19' title="bbox 367 2205 1294 2279; baseline -0.004 -17"><span class='ocrx_word' id='word_1_180' title='bbox 367 2221 442 2262; x_wconf 89' lang='lat' dir='ltr'>ram.</span> <span class='ocrx_word' id='word_1_181' title='bbox 470 2206 568 2261; x_wconf 83' lang='lat' dir='ltr'>Postea</span> <span class='ocrx_word' id='word_1_182' title='bbox 586 2213 676 2261; x_wconf 89' lang='lat' dir='ltr'>autem</span> <span class='ocrx_word' id='word_1_183' title='bbox 692 2221 724 2260; x_wconf 85' lang='lat' dir='ltr'>ex</span> <span class='ocrx_word' id='word_1_184' title='bbox 738 2205 817 2261; x_wconf 88' lang='lat' dir='ltr'>libris</span> <span class='ocrx_word' id='word_1_185' title='bbox 833 2205 893 2262; x_wconf 91' lang='lat' dir='ltr'>aliis</span> <span class='ocrx_word' id='word_1_186' title='bbox 909 2223 1026 2279; x_wconf 90' lang='lat' dir='ltr'>quorum</span> <span class='ocrx_word' id='word_1_187' title='bbox 1049 2206 1178 2261; x_wconf 89' lang='lat' dir='ltr'>maiorem</span> <span class='ocrx_word' id='word_1_188' title='bbox 1199 2211 1294 2260; x_wconf 89' lang='lat' dir='ltr'>aucto·</span> 
     </span>
     <span class='ocr_line' id='line_1_20' title="bbox 367 2281 1294 2364; baseline -0.005 -18"><span class='ocrx_word' id='word_1_189' title='bbox 367 2290 485 2346; x_wconf 88' lang='lat' dir='ltr'>ritatem</span> <span class='ocrx_word' id='word_1_190' title='bbox 500 2307 561 2346; x_wconf 88' lang='lat' dir='ltr'>esse</span> <span class='ocrx_word' id='word_1_191' title='bbox 578 2289 665 2345; x_wconf 88' lang='lat' dir='ltr'>inveni</span> <span class='ocrx_word' id='word_1_192' title='bbox 681 2291 772 2364; x_wconf 87' lang='lat' dir='ltr'>recepi</span> <span class='ocrx_word' id='word_1_193' title='bbox 789 2284 920 2362; x_wconf 87' lang='grc' dir='ltr'>μοδίους</span> <span class='ocrx_word' id='word_1_194' title='bbox 935 2281 971 2363; x_wconf 88' lang='grc' dir='ltr'>β’;</span> <span class='ocrx_word' id='word_1_195' title='bbox 987 2290 1033 2345; x_wconf 91' lang='lat' dir='ltr'>sed</span> <span class='ocrx_word' id='word_1_196' title='bbox 1050 2306 1119 2363; x_wconf 91' lang='lat' dir='ltr'>quae</span> <span class='ocrx_word' id='word_1_197' title='bbox 1135 2305 1196 2344; x_wconf 89' lang='lat' dir='ltr'>vera</span> <span class='ocrx_word' id='word_1_198' title='bbox 1209 2288 1294 2344; x_wconf 91' lang='lat' dir='ltr'>huius</span> 
     </span>
     <span class='ocr_line' id='line_1_21' title="bbox 367 2374 970 2448; baseline 0 -18"><span class='ocrx_word' id='word_1_199' title='bbox 367 2375 429 2432; x_wconf 88' lang='lat' dir='ltr'>loci</span> <span class='ocrx_word' id='word_1_200' title='bbox 446 2375 581 2448; x_wconf 87' lang='lat' dir='ltr'>scriptura</span> <span class='ocrx_word' id='word_1_201' title='bbox 598 2376 650 2445; x_wconf 90' lang='lat' dir='ltr'>sit,</span> <span class='ocrx_word' id='word_1_202' title='bbox 670 2377 750 2430; x_wconf 88' lang='lat' dir='ltr'>etiam</span> <span class='ocrx_word' id='word_1_203' title='bbox 765 2392 838 2430; x_wconf 91' lang='lat' dir='ltr'>nunc</span> <span class='ocrx_word' id='word_1_204' title='bbox 853 2374 970 2446; x_wconf 83' lang='lat' dir='ltr'>ambigo.</span> 
     </span>
    </p>

    <p class='ocr_par' dir='ltr' id='par_1_7' title="bbox 368 2450 1293 2959">
     <span class='ocr_line' id='line_1_22' title="bbox 442 2450 1293 2529; baseline -0.005 -14"><span class='ocrx_word' id='word_1_205' title='bbox 442 2458 502 2517; x_wconf 88' lang='grc'>208</span> <span class='ocrx_word' id='word_1_206' title='bbox 519 2477 557 2514; x_wconf 90' lang='lat' dir='ltr'>vs.</span> <span class='ocrx_word' id='word_1_207' title='bbox 575 2459 614 2516; x_wconf 89' lang='lat'>10</span> <span class='ocrx_word' id='word_1_208' title='bbox 630 2478 650 2515; x_wconf 91' lang='lat' dir='ltr'>s.</span> <span class='ocrx_word' id='word_1_209' title='bbox 668 2452 686 2516; x_wconf 91' lang='grc' dir='ltr'>ὁ</span> <span class='ocrx_word' id='word_1_210' title='bbox 710 2453 745 2516; x_wconf 81' lang='grc' dir='ltr'>δὲ</span> <span class='ocrx_word' id='word_1_211' title='bbox 760 2452 878 2516; x_wconf 86' lang='grc' dir='ltr'>κύαθος</span> <span class='ocrx_word' id='word_1_212' title='bbox 897 2450 961 2529; x_wconf 79' lang='grc' dir='ltr'>ἔχει</span> <span class='ocrx_word' id='word_1_213' title='bbox 977 2464 1028 2513; x_wconf 90' lang='lat' dir='ltr'>cet.</span> <span class='ocrx_word' id='word_1_214' title='bbox 1062 2457 1132 2513; x_wconf 87' lang='lat' dir='ltr'>llaec</span> <span class='ocrx_word' id='word_1_215' title='bbox 1154 2455 1235 2512; x_wconf 88' lang='lat' dir='ltr'>verba</span> <span class='ocrx_word' id='word_1_216' title='bbox 1253 2457 1293 2511; x_wconf 92' lang='lat' dir='ltr'>sic</span> 
     </span>
     <span class='ocr_line' id='line_1_23' title="bbox 369 2539 1292 2618; baseline -0.009 -16"><span class='ocrx_word' id='word_1_217' title='bbox 369 2539 527 2602; x_wconf 85' lang='lat' dir='ltr'>emendavit</span> <span class='ocrx_word' id='word_1_218' title='bbox 539 2543 636 2600; x_wconf 84' lang='lat' dir='ltr'>Christ.</span> <span class='ocrx_word' id='word_1_219' title='bbox 647 2542 743 2618; x_wconf 85' lang='lat' dir='ltr'>p.459</span> <span class='ocrx_word' id='word_1_220' title='bbox 757 2542 854 2598; x_wconf 91' lang='lat' dir='ltr'>additis</span> <span class='ocrx_word' id='word_1_221' title='bbox 869 2542 904 2597; x_wconf 86' lang='lat' dir='ltr'>iis</span> <span class='ocrx_word' id='word_1_222' title='bbox 917 2557 985 2615; x_wconf 89' lang='lat' dir='ltr'>quae</span> <span class='ocrx_word' id='word_1_223' title='bbox 999 2541 1076 2596; x_wconf 90' lang='lat' dir='ltr'>uncis</span> <span class='ocrx_word' id='word_1_224' title='bbox 1092 2540 1197 2596; x_wconf 89' lang='lat' dir='ltr'>inclusa</span> <span class='ocrx_word' id='word_1_225' title='bbox 1213 2548 1292 2595; x_wconf 89' lang='lat' dir='ltr'>sunt:</span> 
     </span>
     <span class='ocr_line' id='line_1_24' title="bbox 370 2615 1292 2700; baseline -0.01 -12"><span class='ocrx_word' id='word_1_226' title='bbox 370 2625 393 2689; x_wconf 84' lang='grc' dir='ltr'>ὁ</span> <span class='ocrx_word' id='word_1_227' title='bbox 413 2624 448 2686; x_wconf 83' lang='grc' dir='ltr'>δὲ</span> <span class='ocrx_word' id='word_1_228' title='bbox 464 2621 583 2686; x_wconf 83' lang='grc' dir='ltr'>κύαθος</span> <span class='ocrx_word' id='word_1_229' title='bbox 597 2623 662 2700; x_wconf 77' lang='grc' dir='ltr'>ἔχει</span> <span class='ocrx_word' id='word_1_230' title='bbox 676 2621 811 2699; x_wconf 88' lang='grc' dir='ltr'>κοτύλης</span> <span class='ocrx_word' id='word_1_231' title='bbox 830 2622 935 2697; x_wconf 80' lang='grc' dir='ltr'>ἕκτον,</span> <span class='ocrx_word' id='word_1_232' title='bbox 952 2619 1049 2684; x_wconf 83' lang='grc' dir='ltr'>ὁλκὰς</span> <span class='ocrx_word' id='word_1_233' title='bbox 1064 2615 1096 2681; x_wconf 88' lang='grc' dir='ltr'>ι’·</span> <span class='ocrx_word' id='word_1_234' title='bbox 1116 2618 1135 2695; x_wconf 88' lang='grc' dir='ltr'>ἡ</span> <span class='ocrx_word' id='word_1_235' title='bbox 1154 2619 1189 2681; x_wconf 84' lang='grc' dir='ltr'>δὲ</span> <span class='ocrx_word' id='word_1_236' title='bbox 1211 2619 1292 2696; x_wconf 88' lang='grc' dir='ltr'>χήμη</span> 
     </span>
     <span class='ocr_line' id='line_1_25' title="bbox 369 2701 1293 2790; baseline -0.006 -18"><span class='ocrx_word' id='word_1_237' title='bbox 369 2705 459 2790; x_wconf 86' lang='grc' dir='ltr'>(ἄγει</span> <span class='ocrx_word' id='word_1_238' title='bbox 473 2706 571 2770; x_wconf 89' lang='grc' dir='ltr'>δλκὰς</span> <span class='ocrx_word' id='word_1_239' title='bbox 587 2707 646 2771; x_wconf 86' lang='grc' dir='ltr'>δύο</span> <span class='ocrx_word' id='word_1_240' title='bbox 661 2705 767 2785; x_wconf 80' lang='grc' dir='ltr'>ἣμιςυ,</span> <span class='ocrx_word' id='word_1_241' title='bbox 788 2707 806 2770; x_wconf 90' lang='grc' dir='ltr'>δ</span> <span class='ocrx_word' id='word_1_242' title='bbox 822 2708 858 2770; x_wconf 85' lang='grc' dir='ltr'>δὲ</span> <span class='ocrx_word' id='word_1_243' title='bbox 874 2706 994 2785; x_wconf 84' lang='grc' dir='ltr'>ξέςτης)</span> <span class='ocrx_word' id='word_1_244' title='bbox 1010 2703 1080 2779; x_wconf 81' lang='grc' dir='ltr'>ἄγει</span> <span class='ocrx_word' id='word_1_245' title='bbox 1095 2703 1203 2781; x_wconf 82' lang='grc' dir='ltr'>λίτραν</span> <span class='ocrx_word' id='word_1_246' title='bbox 1219 2701 1293 2780; x_wconf 90' lang='grc' dir='ltr'>μίαν</span> 
     </span>
     <span class='ocr_line' id='line_1_26' title="bbox 368 2789 1293 2872; baseline -0.009 -17"><span class='ocrx_word' id='word_1_247' title='bbox 368 2793 474 2872; x_wconf 87' lang='grc' dir='ltr'>ἥμιςυ.</span> <span class='ocrx_word' id='word_1_248' title='bbox 492 2827 529 2838; x_wconf 91' lang='grc'>-</span> <span class='ocrx_word' id='word_1_249' title='bbox 545 2797 611 2853; x_wconf 94' lang='lat' dir='ltr'>lbid.</span> <span class='ocrx_word' id='word_1_250' title='bbox 626 2816 665 2853; x_wconf 90' lang='lat' dir='ltr'>vs.</span> <span class='ocrx_word' id='word_1_251' title='bbox 683 2797 722 2853; x_wconf 95' lang='grc'>14</span> <span class='ocrx_word' id='word_1_252' title='bbox 737 2792 900 2869; x_wconf 81' lang='grc' dir='ltr'>Ἑλληνικὴ</span> <span class='ocrx_word' id='word_1_253' title='bbox 924 2789 1055 2867; x_wconf 69' lang='grc' dir='ltr'>κοτύλης</span> <span class='ocrx_word' id='word_1_254' title='bbox 1080 2794 1140 2851; x_wconf 83' lang='lat' dir='ltr'>vide</span> <span class='ocrx_word' id='word_1_255' title='bbox 1159 2811 1242 2867; x_wconf 88' lang='lat' dir='ltr'>supra</span> <span class='ocrx_word' id='word_1_256' title='bbox 1260 2791 1293 2848; x_wconf 94' lang='lat' dir='ltr'>ad</span> 
     </span>
     <span class='ocr_line' id='line_1_27' title="bbox 369 2882 757 2959; baseline -0.005 -19"><span class='ocrx_word' id='word_1_257' title='bbox 369 2882 666 2959; x_wconf 66' lang='lat' dir='ltr'>potaverunt.</span> <span class='ocrx_word' id='word_1_258' title='bbox 756 2941 757 2944; x_wconf 58' lang='grc'>,</span> 
     </span>
    </p>

    <p class='ocr_par' dir='ltr' id='par_1_8' title="bbox 370 2957 1321 3124">
     <span class='ocr_line' id='line_1_28' title="bbox 440 2957 1294 3040; baseline -0.005 -18"><span class='ocrx_word' id='word_1_259' title='bbox 440 2967 501 3024; x_wconf 87' lang='grc'>216</span> <span class='ocrx_word' id='word_1_260' title='bbox 516 2985 555 3023; x_wconf 92' lang='lat' dir='ltr'>vs.</span> <span class='ocrx_word' id='word_1_261' title='bbox 568 2968 605 3023; x_wconf 89' lang='grc'>21</span> <span class='ocrx_word' id='word_1_262' title='bbox 624 2960 765 3036; x_wconf 85' lang='grc' dir='ltr'>οὐγγιῶν</span> <span class='ocrx_word' id='word_1_263' title='bbox 782 2963 860 3025; x_wconf 82' lang='grc' dir='ltr'>τῶν</span> <span class='ocrx_word' id='word_1_264' title='bbox 880 2965 941 3039; x_wconf 87' lang='lat' dir='ltr'>(pro</span> <span class='ocrx_word' id='word_1_265' title='bbox 953 2961 1022 3040; x_wconf 77' lang='grc' dir='ltr'>τὴν)</span> <span class='ocrx_word' id='word_1_266' title='bbox 1040 2958 1074 3022; x_wconf 87' lang='grc' dir='ltr'>ἐκ</span> <span class='ocrx_word' id='word_1_267' title='bbox 1088 2961 1143 3035; x_wconf 86' lang='grc' dir='ltr'>τῆς</span> <span class='ocrx_word' id='word_1_268' title='bbox 1161 2957 1294 3034; x_wconf 84' lang='grc' dir='ltr'>Ῥωμαῖ-</span> 
     </span>
     <span class='ocr_line' id='line_1_29' title="bbox 370 3045 1321 3124; baseline -0.004 -15"><span class='ocrx_word' id='word_1_269' title='bbox 370 3048 432 3124; x_wconf 83' lang='grc' dir='ltr'>κῆς</span> <span class='ocrx_word' id='word_1_270' title='bbox 447 3045 554 3124; x_wconf 85' lang='grc' dir='ltr'>λίτρας</span> <span class='ocrx_word' id='word_1_271' title='bbox 570 3053 720 3108; x_wconf 86' lang='lat' dir='ltr'>emendavit</span> <span class='ocrx_word' id='word_1_272' title='bbox 735 3051 834 3107; x_wconf 89' lang='lat' dir='ltr'>Christ.</span> <span class='ocrx_word' id='word_1_273' title='bbox 849 3069 874 3124; x_wconf 92' lang='lat' dir='ltr'>p.</span> <span class='ocrx_word' id='word_1_274' title='bbox 893 3051 963 3107; x_wconf 88' lang='grc'>459.</span> <span class='ocrx_word' id='word_1_275' title='bbox 1318 3116 1321 3120; x_wconf 55' lang='lat'><em>„</em></span> 
     </span>
    </p>

    <p class='ocr_par' dir='ltr' id='par_1_9' title="bbox 374 3128 1295 3446">
     <span class='ocr_line' id='line_1_30' title="bbox 443 3128 1294 3209; baseline -0.008 -17"><span class='ocrx_word' id='word_1_276' title='bbox 443 3135 504 3193; x_wconf 90' lang='grc'>228</span> <span class='ocrx_word' id='word_1_277' title='bbox 522 3154 561 3195; x_wconf 88' lang='lat' dir='ltr'>vs.</span> <span class='ocrx_word' id='word_1_278' title='bbox 577 3135 616 3194; x_wconf 94' lang='grc'>26</span> <span class='ocrx_word' id='word_1_279' title='bbox 639 3144 701 3192; x_wconf 92' lang='lat' dir='ltr'>ante</span> <span class='ocrx_word' id='word_1_280' title='bbox 718 3130 827 3206; x_wconf 87' lang='grc' dir='ltr'>ςτάγια</span> <span class='ocrx_word' id='word_1_281' title='bbox 843 3128 913 3207; x_wconf 91' lang='grc' dir='ltr'>τρία</span> <span class='ocrx_word' id='word_1_282' title='bbox 928 3152 943 3191; x_wconf 91' lang='lat' dir='ltr'>e</span> <span class='ocrx_word' id='word_1_283' title='bbox 959 3134 1098 3209; x_wconf 89' lang='lat' dir='ltr'>prioribus</span> <span class='ocrx_word' id='word_1_284' title='bbox 1118 3131 1294 3206; x_wconf 89' lang='lat' dir='ltr'>repetendum</span> 
     </span>
     <span class='ocr_line' id='line_1_31' title="bbox 374 3213 1292 3295; baseline -0.011 -17"><span class='ocrx_word' id='word_1_285' title='bbox 374 3236 437 3278; x_wconf 88' lang='lat' dir='ltr'>esse</span> <span class='ocrx_word' id='word_1_286' title='bbox 458 3215 567 3295; x_wconf 87' lang='grc' dir='ltr'>λίτραν</span> <span class='ocrx_word' id='word_1_287' title='bbox 590 3215 662 3293; x_wconf 91' lang='grc' dir='ltr'>μίαν</span> <span class='ocrx_word' id='word_1_288' title='bbox 687 3221 766 3278; x_wconf 91' lang='lat' dir='ltr'>docui</span> <span class='ocrx_word' id='word_1_289' title='bbox 789 3219 867 3276; x_wconf 84' lang='lat' dir='ltr'>roll</span> <span class='ocrx_word' id='word_1_290' title='bbox 890 3238 917 3293; x_wconf 90' lang='lat' dir='ltr'>p.</span> <span class='ocrx_word' id='word_1_291' title='bbox 941 3217 996 3289; x_wconf 79' lang='lat'>993</span> <span class='ocrx_word' id='word_1_292' title='bbox 1026 3218 1158 3275; x_wconf 89' lang='lat' dir='ltr'>Christius</span> <span class='ocrx_word' id='word_1_293' title='bbox 1182 3234 1210 3289; x_wconf 93' lang='lat' dir='ltr'>p.</span> <span class='ocrx_word' id='word_1_294' title='bbox 1232 3213 1292 3270; x_wconf 85' lang='lat'>461</span> 
     </span>
     <span class='ocr_line' id='line_1_32' title="bbox 374 3297 1295 3379; baseline -0.008 -19"><span class='ocrx_word' id='word_1_295' title='bbox 374 3303 472 3362; x_wconf 90' lang='lat' dir='ltr'>scribit</span> <span class='ocrx_word' id='word_1_296' title='bbox 493 3303 523 3362; x_wconf 87' lang='lat' dir='ltr'>se</span> <span class='ocrx_word' id='word_1_297' title='bbox 545 3304 625 3361; x_wconf 92' lang='lat' dir='ltr'>malle</span> <span class='ocrx_word' id='word_1_298' title='bbox 647 3307 714 3361; x_wconf 89' lang='lat' dir='ltr'>haec</span> <span class='ocrx_word' id='word_1_299' title='bbox 735 3307 795 3379; x_wconf 89' lang='lat' dir='ltr'>ipsa</span> <span class='ocrx_word' id='word_1_300' title='bbox 814 3299 925 3379; x_wconf 88' lang='grc' dir='ltr'>λίτραν</span> <span class='ocrx_word' id='word_1_301' title='bbox 946 3298 1018 3376; x_wconf 90' lang='grc' dir='ltr'>μίαν</span> <span class='ocrx_word' id='word_1_302' title='bbox 1042 3297 1142 3373; x_wconf 27' lang='grc' dir='ltr'>καὶ-ῆι]</span> <span class='ocrx_word' id='word_1_303' title='bbox 1165 3307 1295 3357; x_wconf 75' lang='lat' dir='ltr'>contextu</span> 
     </span>
     <span class='ocr_line' id='line_1_33' title="bbox 375 3387 671 3446; baseline 0.007 -2"><span class='ocrx_word' id='word_1_304' title='bbox 375 3387 478 3446; x_wconf 84' lang='lat' dir='ltr'>Graeco</span> <span class='ocrx_word' id='word_1_305' title='bbox 495 3390 584 3446; x_wconf 89' lang='lat' dir='ltr'>addita</span> <span class='ocrx_word' id='word_1_306' title='bbox 600 3407 671 3446; x_wconf 89' lang='lat' dir='ltr'>esse.</span> 
     </span>
    </p>

    <p class='ocr_par' dir='ltr' id='par_1_10' title="bbox 377 3467 1297 3631">
     <span class='ocr_line' id='line_1_34' title="bbox 442 3467 1297 3548; baseline -0.009 -18"><span class='ocrx_word' id='word_1_307' title='bbox 442 3474 502 3531; x_wconf 90' lang='grc'>231</span> <span class='ocrx_word' id='word_1_308' title='bbox 525 3494 564 3530; x_wconf 91' lang='lat' dir='ltr'>vs.</span> <span class='ocrx_word' id='word_1_309' title='bbox 588 3476 606 3533; x_wconf 89' lang='grc'>2</span> <span class='ocrx_word' id='word_1_310' title='bbox 627 3492 677 3548; x_wconf 93' lang='lat' dir='ltr'>pro</span> <span class='ocrx_word' id='word_1_311' title='bbox 698 3469 817 3546; x_wconf 90' lang='grc' dir='ltr'>κύαμος</span> <span class='ocrx_word' id='word_1_312' title='bbox 839 3474 900 3547; x_wconf 86' lang='lat' dir='ltr'>lege</span> <span class='ocrx_word' id='word_1_313' title='bbox 921 3469 1039 3531; x_wconf 88' lang='grc' dir='ltr'>κύαθος</span> <span class='ocrx_word' id='word_1_314' title='bbox 1058 3471 1119 3529; x_wconf 91' lang='lat' dir='ltr'>coll.</span> <span class='ocrx_word' id='word_1_315' title='bbox 1135 3489 1163 3544; x_wconf 88' lang='lat' dir='ltr'>p.</span> <span class='ocrx_word' id='word_1_316' title='bbox 1179 3467 1251 3538; x_wconf 89' lang='grc'>245,</span> <span class='ocrx_word' id='word_1_317' title='bbox 1267 3467 1297 3522; x_wconf 87' lang='grc'>2.</span> 
     </span>
     <span class='ocr_line' id='line_1_35' title="bbox 377 3557 1064 3631; baseline -0.004 -17"><span class='ocrx_word' id='word_1_318' title='bbox 377 3558 451 3628; x_wconf 80' lang='grc'>231,</span> <span class='ocrx_word' id='word_1_319' title='bbox 467 3557 517 3614; x_wconf 91' lang='grc'>24.</span> <span class='ocrx_word' id='word_1_320' title='bbox 536 3559 575 3616; x_wconf 84' lang='grc'>27</span> <span class='ocrx_word' id='word_1_321' title='bbox 584 3579 592 3626; x_wconf 92' lang='grc'>;</span> <span class='ocrx_word' id='word_1_322' title='bbox 614 3561 683 3616; x_wconf 88' lang='lat' dir='ltr'>idem</span> <span class='ocrx_word' id='word_1_323' title='bbox 699 3557 820 3614; x_wconf 86' lang='lat' dir='ltr'>restituit</span> <span class='ocrx_word' id='word_1_324' title='bbox 836 3558 935 3614; x_wconf 88' lang='lat' dir='ltr'>Christ.</span> <span class='ocrx_word' id='word_1_325' title='bbox 951 3577 976 3631; x_wconf 94' lang='lat' dir='ltr'>p.</span> <span class='ocrx_word' id='word_1_326' title='bbox 993 3557 1064 3614; x_wconf 84' lang='grc'>459.</span> 
     </span>
    </p>

    <p class='ocr_par' dir='ltr' id='par_1_11' title="bbox 378 3635 1297 3884">
     <span class='ocr_line' id='line_1_36' title="bbox 444 3635 1296 3714; baseline -0.009 -16"><span class='ocrx_word' id='word_1_327' title='bbox 444 3642 505 3701; x_wconf 89' lang='grc'>233</span> <span class='ocrx_word' id='word_1_328' title='bbox 521 3661 560 3700; x_wconf 89' lang='lat' dir='ltr'>vs.</span> <span class='ocrx_word' id='word_1_329' title='bbox 577 3643 616 3699; x_wconf 89' lang='lat'>14</span> <span class='ocrx_word' id='word_1_330' title='bbox 631 3663 652 3700; x_wconf 91' lang='lat' dir='ltr'>s.</span> <span class='ocrx_word' id='word_1_331' title='bbox 681 3643 766 3699; x_wconf 88' lang='lat' dir='ltr'>Verba</span> <span class='ocrx_word' id='word_1_332' title='bbox 787 3635 805 3700; x_wconf 86' lang='grc' dir='ltr'>ὁ</span> <span class='ocrx_word' id='word_1_333' title='bbox 827 3638 862 3700; x_wconf 81' lang='grc' dir='ltr'>δὲ</span> <span class='ocrx_word' id='word_1_334' title='bbox 882 3637 1029 3699; x_wconf 84' lang='grc' dir='ltr'>Ἰταλικὸς</span> <span class='ocrx_word' id='word_1_335' title='bbox 1045 3649 1095 3698; x_wconf 90' lang='lat' dir='ltr'>cet.</span> <span class='ocrx_word' id='word_1_336' title='bbox 1118 3656 1170 3714; x_wconf 88' lang='lat' dir='ltr'>qua</span> <span class='ocrx_word' id='word_1_337' title='bbox 1189 3639 1296 3694; x_wconf 91' lang='lat' dir='ltr'>ratione</span> 
     </span>
     <span class='ocr_line' id='line_1_37' title="bbox 378 3720 1296 3798; baseline -0.009 -14"><span class='ocrx_word' id='word_1_338' title='bbox 378 3729 500 3786; x_wconf 88' lang='lat' dir='ltr'>sananda</span> <span class='ocrx_word' id='word_1_339' title='bbox 515 3730 585 3798; x_wconf 81' lang='lat' dir='ltr'>siut,</span> <span class='ocrx_word' id='word_1_340' title='bbox 604 3729 686 3784; x_wconf 85' lang='lat' dir='ltr'>docet</span> <span class='ocrx_word' id='word_1_341' title='bbox 701 3727 884 3784; x_wconf 88' lang='lat' dir='ltr'>vetustissima</span> <span class='ocrx_word' id='word_1_342' title='bbox 897 3726 989 3782; x_wconf 88' lang='lat' dir='ltr'>tabula</span> <span class='ocrx_word' id='word_1_343' title='bbox 1003 3724 1170 3782; x_wconf 88' lang='lat' dir='ltr'>medicinalis</span> <span class='ocrx_word' id='word_1_344' title='bbox 1186 3741 1212 3796; x_wconf 88' lang='lat' dir='ltr'>p.</span> <span class='ocrx_word' id='word_1_345' title='bbox 1224 3720 1296 3789; x_wconf 80' lang='grc'>208,</span> 
     </span>
     <span class='ocr_line' id='line_1_38' title="bbox 378 3808 1297 3884; baseline -0.011 -16"><span class='ocrx_word' id='word_1_346' title='bbox 378 3811 419 3869; x_wconf 88' lang='grc'>15</span> <span class='ocrx_word' id='word_1_347' title='bbox 431 3830 480 3878; x_wconf 86' lang='lat' dir='ltr'>ss.;</span> <span class='ocrx_word' id='word_1_348' title='bbox 497 3813 595 3869; x_wconf 87' lang='lat' dir='ltr'>etenim</span> <span class='ocrx_word' id='word_1_349' title='bbox 612 3813 810 3870; x_wconf 87' lang='lat' dir='ltr'>interciderunt</span> <span class='ocrx_word' id='word_1_350' title='bbox 827 3810 958 3868; x_wconf 87' lang='lat' dir='ltr'>nonnulla</span> <span class='ocrx_word' id='word_1_351' title='bbox 976 3827 1043 3884; x_wconf 87' lang='lat' dir='ltr'>quae</span> <span class='ocrx_word' id='word_1_352' title='bbox 1056 3811 1108 3866; x_wconf 84' lang='lat' dir='ltr'>iam</span> <span class='ocrx_word' id='word_1_353' title='bbox 1121 3808 1199 3865; x_wconf 92' lang='lat' dir='ltr'>uncis</span> <span class='ocrx_word' id='word_1_354' title='bbox 1212 3809 1297 3862; x_wconf 89' lang='lat' dir='ltr'>inter·</span> 
     </span>
    </p>
   </div>
   <div class='ocr_carea' id='block_1_4' title="bbox 0 0 1780 4400">
    <p class='ocr_par' dir='ltr' id='par_1_12' title="bbox 0 0 1780 4400">
     <span class='ocr_line' id='line_1_39' title="bbox 0 0 1780 4400; baseline 0 0"><span class='ocrx_word' id='word_1_355' title='bbox 0 0 1780 4400; x_wconf 95' lang='lat' dir='ltr'> </span> 
     </span>
    </p>
   </div>
  </div>
 </body>
</html>
