3534 4400
500 382 561 445 140
763 404 930 445 exoraret
947 404 989 443 nx
1008 401 1150 445 asmoao.
1338 376 1413 465 [130]

562 532 612 597 11.
635 537 702 597 llna
726 543 843 597 centum
866 535 997 614 dragmis
1021 535 1208 614 appenditur.

563 635 612 698 12.
635 639 717 699 lurta
751 640 896 698 rationem
929 646 1027 698 autem
1056 636 1221 716 ponderum
1249 634 1331 695 nihil
1359 634 1417 696 cal·

498 738 564 800 culo
592 742 689 800 minus
717 749 767 799 aut
794 739 904 800 talento
926 740 1021 799 maius
1043 749 1096 800 est
1140 738 1250 799 etenim
1272 737 1300 797 L
1324 736 1421 798 librae

498 840 641 902 talentum
664 841 816 902 minimum
840 847 892 909 est,
915 840 992 900 Lxx
1007 840 1082 901 duae
1104 839 1196 900 librae
1218 840 1357 901 medium
1377 847 1419 897 ta·

464 942 626 1013 5lentum,
651 942 723 1004 CXX
747 941 840 1002 librae
862 944 1024 1002 maximum
1045 941 1187 1002 talentum
1210 949 1263 1001 est.

564 1044 830 1106 testamentariis
860 1050 959 1104 autem
987 1044 1095 1105 dicitur
1124 1062 1160 1103 eo
1188 1042 1268 1121 quod
1295 1050 1420 1103 centum

498 1148 581 1209 libris
603 1154 727 1207 constet.
1167 1128 1172 1134 ’

920 1312 990 1376 139.

706 1416 756 1466 oa
775 1416 961 1467 msascms
978 1417 1018 1466 m
1034 1415 1209 1478 mommo.

448 1531 480 1579 10
563 1518 591 1581 1.
614 1519 820 1580 llensurarum
849 1521 879 1579 in
906 1518 1027 1597 liquidis
1053 1518 1170 1578 coclear
1197 1527 1241 1578 est
1267 1534 1343 1595 pars
1366 1518 1423 1576 mi·

384 1692 388 1698 ,
489 1623 591 1691 aima,
620 1623 671 1697 qui
696 1620 787 1682 habet
808 1620 957 1681 dimidiam
980 1618 1148 1697 dragmam,
1177 1619 1208 1679 id
1231 1627 1277 1680 est
1299 1621 1421 1698 sciipu·

497 1723 558 1783 lum
582 1734 612 1783 et
633 1721 765 1784 obolum.

561 1820 592 1883 2.
615 1823 772 1885 Cocleares
795 1823 853 1883 duo
873 1823 1010 1883 chemam
1032 1822 1152 1884 iaciunt.

561 1922 592 1985 3.
615 1924 771 1985 Cocleares
793 1924 832 1984 lll
855 1922 1010 1985 conculam
1031 1922 1151 1984 iaciunt.

449 2035 480 2083 15
562 2022 593 2084 4.
616 2023 764 2085 Gonculae
787 2025 862 2085 duae
885 2026 1005 2102 cignum
1027 2027 1088 2085 sive
1109 2026 1245 2085 mistron.

561 2120 591 2185 5.
616 2124 764 2186 Conculae
791 2143 844 2185 sex
874 2135 903 2186 et
931 2126 990 2186 duo
1019 2126 1178 2197 coclearia,
1210 2144 1286 2206 quae
1312 2128 1418 2188 decem

499 2227 636 2306 dragmas
663 2227 845 2305 appendent,
875 2230 984 2289 eiatum
1012 2230 1137 2299 iaciunt,
1167 2229 1272 2290 additis
1299 2227 1422 2290 duabus

499 2329 628 2408 dragmis
655 2329 833 2390 acitabulum
862 2328 1026 2408 complent,
1057 2331 1165 2393 additis
1192 2331 1289 2392 adhuc
1321 2329 1419 2390 tribus

499 2432 645 2509 dragmis,
669 2431 748 2512 quod
771 2438 840 2492 sunt
861 2431 921 2501 XV,
945 2431 1094 2494 oxilalum.

447 2543 480 2591 20
560 2530 589 2594 6.
613 2533 678 2594 Non
702 2532 831 2602 dubites,
854 2533 933 2612 apud
956 2533 1098 2613 quosdam
1121 2535 1189 2594 clati
1211 2552 1318 2594 novem
1343 2532 1414 2594 emi·

497 2653 565 2696 nam
587 2635 687 2695 facere
709 2635 858 2705 videntur,
888 2635 966 2712 quod
988 2642 1056 2695 sunt
1079 2635 1219 2713 dragmae
1240 2635 1305 2704 XC:
1337 2630 1413 2715 apud

498 2735 640 2815 quosdam
664 2753 733 2796 vero
756 2735 908 2796 acetabula
924 2744 1071 2814 quattuor,
1095 2737 1173 2814 quod
1188 2743 1257 2796 suat
1272 2737 1411 2814 dragmae

497 2835 621 2896 XLVlll.
672 2837 768 2896 emina
802 2844 900 2896 autem
933 2838 1013 2897 iuxta
1041 2838 1184 2915 quosdam
1212 2839 1354 2917 appendit
1379 2834 1411 2893 li·
1482 2898 1483 2901 ,

498 2936 583 2996 liram
606 2953 703 3006 unam,
727 2936 804 3013 apud
829 2938 973 3014 quosdam
995 2956 1066 2999 vero
1080 2937 1186 2998 libram
1206 2946 1235 2999 et
1250 2940 1417 3000 dimidiam·
1482 2956 1483 3037 p

448 3045 510 3110 toy
565 3035 593 3098 7.
617 3035 758 3097 Similiter
780 3041 926 3101 sextarios
946 3040 1078 3118 duplices
1093 3041 1306 3102 iudicaverunt.
1345 3054 1410 3101 nam
1482 3070 1483 3133 p

498 3137 546 3200 alii
579 3137 734 3199 voluerunt
766 3148 800 3201 ut
826 3143 971 3202 sextarius
998 3142 1123 3202 duarum
1153 3149 1230 3204 esset
1257 3142 1415 3205 librarum.

498 3240 548 3302 alii
569 3259 639 3301 vero
661 3241 766 3301 trium:
794 3245 913 3322 utrique
936 3251 1035 3304 tamen
1057 3250 1090 3304 ut
1111 3242 1187 3304 duae
1210 3245 1325 3304 eminae
1348 3258 1409 3304 sex·

497 3344 605 3403 tarium
628 3342 762 3402 lacerent
783 3343 975 3405 diffinierunt.

561 3440 590 3503 8.
613 3443 665 3504 Est
687 3451 785 3505 autem
808 3447 953 3507 sextarius
975 3455 1056 3508 sexta
1078 3465 1149 3525 pars
1172 3447 1285 3524 congii,
1310 3443 1407 3525 quiin

446 3548 480 3599 30
498 3544 601 3605 divinis
624 3545 780 3625 scripturis
803 3547 854 3608 hin
877 3545 1042 3627 appellatur
1063 3549 1094 3608 io
1115 3547 1242 3628 liquidis.

561 3642 590 3707 9.
614 3645 705 3707 Cenix
727 3654 826 3708 autem
849 3651 979 3728 quinque
999 3651 1135 3710 sextariis
1150 3648 1341 3727 adimpletur:
1365 3642 1410 3707 cui

497 3750 522 3808 si
544 3755 659 3808 sextum
683 3749 847 3822 addideris,
871 3751 903 3810 lit
926 3751 1057 3828 congius.
