3534 4400
550 1071 640 1120 Pauca
657 1072 683 1119 in
700 1072 842 1121 universum
859 1073 929 1122 dicta
944 1076 1151 1147 praemittuntur.

450 1175 481 1230 ln
497 1175 626 1232 Romanis
647 1177 831 1250 scriptoribus
852 1194 885 1246 en
901 1178 997 1234 ordine
1013 1182 1211 1254 componendis
1228 1180 1308 1240 aliam
1325 1178 1385 1238 109

369 1263 522 1326 rationem
535 1262 613 1334 sequi
625 1260 768 1327 debuimus
781 1279 812 1318 ac
822 1263 900 1336 prius
916 1262 944 1318 in
956 1263 1064 1321 Graecis
1079 1264 1213 1341 reliquiis.
1241 1268 1307 1325 Nam

372 1362 448 1403 cum
470 1362 503 1401 ex
525 1344 580 1401 illis
600 1346 685 1422 longe
705 1346 823 1419 plurima
843 1354 871 1403 et
894 1349 1005 1404 incertis
1027 1351 1185 1408 auctoribus
1206 1352 1307 1409 tradita

373 1436 479 1487 esseut
494 1438 523 1485 et
538 1430 570 1486 de
582 1430 734 1504 plerisque,
751 1449 804 1506 qua
816 1439 906 1489 aetate
918 1440 979 1489 orta
991 1443 1092 1506 essent,
1109 1436 1305 1509 ambigeretur,

374 1530 493 1571 omnem
513 1517 655 1572 materiam
676 1518 704 1571 in
726 1516 847 1590 quinque
866 1518 985 1574 maiores
1006 1526 1098 1591 partes
1119 1519 1304 1592 distinximus,

375 1609 466 1673 atque
481 1601 509 1655 iu
531 1599 649 1674 singulis
671 1600 778 1657 demum
800 1600 941 1676 partibus,
963 1610 1096 1675 quantum
1116 1602 1175 1659 ii'eri
1195 1614 1303 1678 posset,

375 1694 538 1758 temporum
562 1684 685 1741 ordinem
707 1688 796 1742 secuti
817 1701 920 1741 sumus.
967 1685 1019 1742 Sed
1040 1688 1069 1741 in
1090 1687 1143 1743 hoc
1165 1688 1304 1745 volumine

376 1786 445 1826 cum
470 1770 614 1827 maximam
638 1777 745 1843 partem
772 1772 839 1826 certi
864 1772 1016 1843 scriptores
1041 1770 1116 1845 iique
1139 1770 1302 1829 nobilissimi

375 1857 460 1929 quasi
482 1861 566 1911 testes
587 1854 755 1927 producendi
776 1862 884 1926 essent,
906 1862 1009 1912 certam
1034 1850 1186 1929 temporum
1203 1857 1302 1914 seriem

374 1939 551 1997 constituere
566 1939 644 1996 licuit
659 1956 675 1994 a
689 1940 813 1996 Varrone
828 1956 919 2014 usque
934 1940 965 1997 ad
981 1940 1151 1997 Prisciauum
1167 1949 1195 1997 et
1210 1940 1302 1998 Victo·

373 2024 459 2081 rium.
506 2024 574 2080 Tum
595 2026 755 2098 priusquam
776 2024 810 2081 ad
829 2014 981 2096 isidorum,
1010 2024 1064 2081 hoo
1086 2034 1128 2081 est
1150 2027 1298 2100 septimum
1362 2088 1366 2093 ,

373 2108 535 2181 saeculum,
552 2108 745 2179 transiremus,
767 2112 886 2165 carmina
902 2109 956 2165 duo
973 2109 1005 2166 de
1021 2109 1188 2183 ponderibus
1204 2111 1298 2185 posui-

371 2212 456 2264 mus,
473 2211 590 2267 quorum
606 2193 720 2250 alterum
737 2193 795 2251 iere
810 2202 924 2269 quarto,
941 2191 1057 2252 alterum
1073 2196 1170 2268 quinto
1186 2204 1298 2252 sextove

372 2278 489 2336 saeculo
505 2281 638 2352 scriptum
654 2295 716 2335 esse
732 2279 862 2336 videmn-
878 2279 1000 2353 Denique
1020 2288 1084 2353 post
1104 2279 1237 2335 Isidorum
1253 2297 1297 2336 re·

369 2364 441 2420 licta
457 2371 522 2419 suut
536 2380 624 2437 pauca
638 2364 801 2436 fragmenta,
818 2380 886 2437 quae
902 2365 1047 2421 manifesta
1062 2366 1161 2421 aetatis
1176 2372 1242 2420 nota
1254 2381 1297 2422 ca·

370 2456 486 2514 rerent;
510 2448 557 2503 sed
573 2447 640 2505 satis
655 2448 798 2520 probabile
815 2448 967 2518 videbatur,
984 2449 1036 2503 etsi
1053 2450 1132 2520 origo
1150 2447 1298 2504 nonnullo-

369 2550 439 2590 rum
454 2533 487 2588 ad
508 2534 603 2606 priora
621 2541 744 2606 tempora
759 2534 930 2607 pertineret,
952 2538 1043 2587 tamen
1066 2531 1093 2585 in
1110 2547 1168 2585 eam
1183 2531 1299 2587 iormam

369 2635 446 2694 quae
462 2620 490 2674 in
505 2617 584 2673 libris
599 2634 680 2674 manu
696 2618 810 2692 scriptis
826 2623 916 2672 exstat
937 2614 997 2670 illas
1019 2612 1150 2688 reliquias
1166 2631 1221 2669 non
1237 2622 1301 2671 ante

368 2703 475 2760 lsidori
492 2710 620 2773 aetatem,
636 2701 736 2757 multas
752 2703 834 2758 etiam
849 2700 991 2774 aliquanto
1007 2706 1072 2773 post
1088 2698 1212 2756 redactas
1229 2714 1298 2758 esse.

438 2787 460 2842 Ε
474 2788 605 2843 Varronis
620 2786 698 2844 libris
715 2793 770 2842 tres
785 2787 864 2843 locos
887 2785 1063 2858 gravissimos
1086 2782 1149 2840 illos
1166 2783 1299 2858 elegimus

370 2871 479 2947 quibus
494 2872 528 2928 de
543 2871 660 2945 pecunia
675 2873 784 2943 signata
799 2878 827 2941 et
843 2871 876 2926 de
892 2873 951 2944 agri
967 2871 1104 2926 mensuris
1120 2869 1219 2942 agitur.
1258 2868 1299 2925 Ad

368 2973 464 3032 quos,
487 2959 511 3012 si
526 2958 671 3032 perpetuis
687 2957 891 3012 commentariis
907 2957 935 3010 in
951 2956 1001 3011 hac
1016 2955 1186 3028 praelatione
1204 2969 1298 3010 omnes

368 3042 526 3116 scriptores
541 3040 682 3097 illustrare
697 3040 845 3110 vellemus,
869 3040 956 3096 multa
970 3039 1024 3096 hoc
1039 3039 1100 3096 loco
1116 3038 1239 3095 addenda
1255 3054 1298 3093 es-

367 3134 451 3192 sent;
473 3134 502 3183 at
522 3143 585 3183 cum
607 3131 639 3183 e'a
660 3133 766 3183 tautum
791 3123 927 3198 explicare
949 3125 1126 3198 propositum
1142 3125 1179 3178 sit
1195 3121 1297 3196 quibus

367 3212 464 3268 aditus
481 3213 560 3286 quasi
574 3210 719 3286 patefieret
735 3210 768 3267 ad
783 3211 977 3266 auctoritatem
993 3208 1166 3280 singulorum
1179 3207 1297 3281 scripto·

365 3313 433 3353 rum
450 3305 525 3356 recte
540 3295 736 3365 adhibendam,
758 3294 827 3351 nihil
848 3295 903 3357 tale
924 3293 1067 3367 postulare
1088 3292 1194 3348 videtur
1208 3290 1295 3349 Varro

366 3388 469 3440 auctor
486 3384 606 3438 omnium
622 3370 867 3454 locupletissimus.
1206 3368 1208 3378 '

496 3548 538 3598 lie
557 3546 707 3598 Cobtmetlac
726 3545 813 3596 tabula
829 3516 1003 3594 mensatrarum
1021 3542 1166 3606 apreetium.

436 3652 515 3711 luitio
543 3651 607 3709 libri
633 3651 724 3726 quinti
754 3650 787 3707 de
810 3665 840 3706 re
860 3649 965 3706 rustica
986 3645 1135 3704 Columella
1157 3647 1248 3702 omnia
1269 3659 1299 3698 se
1318 3631 1374 3694 110

365 3739 501 3813 persequi
517 3753 603 3814 posse
618 3745 702 3810 negat
717 3751 788 3810 quae
804 3735 836 3792 ab
853 3734 913 3792 aliis
937 3731 1011 3789 velut
1026 3733 1127 3789 omissa
1143 3729 1298 3787 desideren-

1117 3823 1166 3886 Ἰ*
