3534 4400
617 398 817 449 s'cnmroaas
833 408 999 449 Romanos.
1174 383 1178 391 ’
1225 388 1263 451 13

413 544 485 613 Quae
507 560 568 600 cum
588 545 628 600 ita
649 544 721 614 sint,
745 542 824 599 lacile
845 543 1049 600 demonstratur
1064 546 1136 599 vina
1156 548 1263 601 nemine

356 629 435 685 adbuc
450 628 557 685 iuventa
574 628 607 683 ad
621 628 805 702 explicandam
826 636 989 683 sextantem
1004 644 1079 701 quae
1094 629 1195 698 eodem
1211 630 1262 684 do-

356 715 441 769 drans
465 714 633 785 appellatur
653 712 703 786 (6).
746 700 854 769 Etenim
881 730 961 786 quam
989 712 1082 770 Graeci
1109 728 1262 770 mensuram

357 792 507 870 (πιθαμήν
522 797 666 866 vocabant,
682 814 713 853 ea
728 800 878 871 antiquitus
889 798 978 854 aliena
989 806 1048 853 erat
1059 797 1262 855 allomanorurn

356 899 416 951 usu,
431 882 503 938 unde
518 899 554 938 ne
569 897 659 939 sermo
676 881 783 955 quidem
798 882 912 938 Latinus
927 884 1069 957 proprium
1085 884 1142 938 eius
1157 899 1264 938 mensu·
1358 896 1366 901 ·

355 982 398 1021 rae
409 966 570 1023 vocabulum
585 965 716 1029 babehat;
740 966 787 1022 sed
802 966 936 1023 vocabant
951 984 1010 1023 eam
1026 982 1056 1021 en
1072 968 1141 1023 assis
1158 969 1264 1023 ratione

356 1050 525 1121 dodrantem,
547 1052 600 1107 boc
615 1059 658 1107 est
672 1050 751 1126 pedis
774 1060 886 1124 quartas
902 1060 993 1125 partes
1009 1059 1074 1107 tres.
1111 1052 1164 1107 lam
1181 1051 1204 1107 si
1221 1068 1264 1108 ea·

356 1135 409 1190 dem
424 1153 439 1191 a
452 1134 538 1192 Balbo
555 1144 698 1191 sextans
713 1144 807 1191 vocata
823 1144 882 1209 est,
904 1137 990 1192 luisse
1006 1143 1116 1210 oportet
1131 1136 1263 1193 maiorem

306 1241 312 1255 ·
357 1216 464 1293 aliquam
479 1236 654 1287 mensuram,
677 1220 756 1276 cuius
777 1229 853 1276 serta
866 1237 931 1294 pars
947 1222 1007 1294 ipsa
1023 1222 1156 1295 spithama
1171 1220 1263 1277 habita

356 1302 396 1362 sit.
419 1304 581 1378 Ubicunque
594 1319 719 1378 quaeres,
735 1304 802 1360 nihil
817 1306 938 1362 invenies
954 1305 1030 1380 quod
1044 1306 1187 1362 conveniat
1202 1308 1264 1362 huic

357 1389 465 1445 scrutanti
480 1389 535 1444 nisi
551 1390 749 1464 Aegyptiorum
764 1383 881 1462 Ξύλον,
896 1389 939 1446 cui
956 1399 1012 1445 tres
1028 1390 1113 1446 cubiti
1128 1390 1156 1446 in
1173 1390 1264 1446 tabula

356 1471 498 1529 licroniana
514 1473 706 1547 antiquissima
723 1472 877 1530 tribuunter
893 1473 937 1546 (fr.
957 1473 987 1544 4,
1005 1468 1063 1549 14).
1108 1474 1182 1531 Unde
1198 1476 1264 1531 haec

356 1557 409 1612 iure
422 1558 517 1631 colligi
533 1574 616 1632 posse
631 1556 765 1614 arbitror:
788 1552 898 1630 it'tbov,
913 1558 1054 1632 antiquam
1064 1559 1263 1633 Aegyptiorum

356 1656 513 1713 mensuram,
533 1659 585 1715 qua
595 1644 721 1698 itinerum
737 1643 823 1716 spatia
835 1643 998 1698 metirentur
1010 1637 1089 1717 (prol.
1099 1643 1116 1713 S
1125 1642 1164 1697 17
1173 1640 1264 1717 extr),

357 1723 433 1781 inisse
451 1729 586 1801 perticam
608 1726 724 1800 ligneam
744 1734 827 1782 —et
848 1727 875 1782 id
893 1727 1001 1801 quidem
1017 1729 1078 1799 ipso
1093 1727 1203 1782 nomine
1219 1728 1264 1782 de·

357 1820 521 1868 monstratur
538 1840 576 1854 --
592 1811 703 1867 divisam
722 1812 749 1866 in
767 1818 822 1866 tres
837 1810 946 1868 cubitos
960 1810 1095 1884 binosque
1110 1810 1263 1867 cubitorum

358 1896 491 1967 semisses,
517 1897 570 1952 hoc
589 1904 632 1952 est
653 1912 700 1952 sex
715 1896 878 1969 spithamas:
901 1896 979 1952 cuins
995 1894 1049 1969 xyli
1065 1912 1144 1953 usum
1161 1896 1194 1952 ad
1207 1892 1273 1971 pri·¹

358 1994 423 2033 mum
443 1997 534 2054 usque
550 1998 576 2054 p.
592 1979 654 2036 Cbr.
672 1997 701 2035 n.
721 1980 859 2037 saeculum
880 1982 1046 2056 pertinuisse
1058 2010 1100 2021 -
1114 1997 1170 2036 non
1193 1984 1262 2037 enim

359 2069 426 2119 antea
446 2068 580 2139 scriptam
601 2081 662 2120 esse
684 2064 797 2121 vidimus
818 2064 939 2121 tabulam
960 2064 1140 2122 Heronianam
1157 2066 1165 2119 l
1183 2064 1264 2139 (prol.

359 2144 439 2224 812)
457 2180 500 2191 -
524 2157 606 2224 atque
627 2148 690 2205 inde
712 2147 849 2206 Romanos
873 2150 1075 2222 agrimensores
1098 2144 1262 2223 επιθαμήν,

359 2239 445 2304 utpote
468 2235 585 2291 alienam
608 2251 622 2290 a
648 2250 700 2290 suo
726 2236 872 2305 sermone,
901 2251 1077 2308 nuncupasse
1098 2242 1264 2300 sextantem3

359 2313 415 2371 binc
435 2319 554 2392 denique
573 2317 701 2388 Balbum,
721 2335 782 2374 cum
803 2319 937 2376 Romanas
959 2335 1101 2394 mensuras
1125 2319 1157 2376 ad
1178 2321 1265 2394 Aegy·

359 2398 468 2470 ptiarum
490 2402 645 2459 tabularum
666 2402 871 2459 similitudinem
894 2403 1078 2480 describeret,
1100 2407 1189 2477 ipsum
1206 2405 1265 2476 qui-

359 2481 412 2539 dem
427 2487 535 2561 nylum,
556 2489 699 2562 proprium
715 2488 931 2561 Aegyptiorum,
952 2495 1027 2543 recte
1042 2487 1185 2556 omisisse,
1209 2503 1266 2542 ser·

360 2582 427 2624 rasse
451 2579 543 2628 tamen
572 2575 704 2628 sextantis
728 2571 940 2645 appellationem
962 2571 1091 2626 usitatam
1116 2573 1149 2625 iis
1169 2570 1266 2626 Boma-

361 2660 448 2710 norum
468 2657 627 2730 gromatiois
649 2657 695 2730 qui
715 2658 742 2712 in
759 2657 883 2730 Aegypto
900 2656 1038 2729 provincia
1055 2655 1129 2726 agris
1145 2662 1173 2710 et
1187 2655 1266 2710 itine·
1347 2709 1351 2716 ,

349 2734 429 2824 ‘ribus
449 2740 620 2798 dimetiendis
641 2740 771 2815 praelecti
788 2749 881 2810 erant,
906 2739 1071 2813 eandemque
1090 2757 1103 2795 a
1120 2739 1265 2814 spithama,

361 2820 475 2955 pegyput
498 2826 584 2882 cubiti
605 2824 734 2897 semisse,
756 2825 930 2883 transtulisse
947 2824 981 2881 ad
996 2825 1073 2898 pedis
1089 2824 1202 2881 Romani
1218 2825 1266 2880 do·

377 2915 482 2965 tantem
618 2923 621 2927 ’

362 3047 554 3068 κ..-

363 3164 541 3209 mensurarum
563 3158 769 3226 appellationes
794 3164 997 3210 enumerantur.
1034 3160 1103 3208 Tum
1127 3157 1162 3208 ad
1184 3156 1265 3212 Balb,

363 3216 494 3278 laconi.
511 3228 579 3280 Her.
598 3229 635 3288 11,
654 3229 679 3289 2,
698 3227 776 3277 Eucl.
788 3230 821 3289 2,
841 3233 989 3292 praeterea
1009 3228 1093 3276 eliam
1112 3226 1180 3275 Her.
1198 3226 1221 3288 I,
1241 3227 1265 3276 5.

363 3282 430 3351 V‚2;
448 3320 481 3328 -
499 3295 534 3344 ad
551 3297 567 3356 5
584 3297 601 3344 4
618 3296 685 3346 Her.
704 3296 741 3359 H,
755 3299 785 3354 33
805 3320 833 3330 -
856 3293 891 3344 ad
908 3297 923 3356 ξ
941 3295 1037 3345 5Her.
1050 3298 1075 3355 4,
1094 3293 1173 3345 Euol.
1193 3297 1267 3355 3;—·

364 3353 395 3430 ²3¹
410 3357 457 3416 §B
474 3361 539 3412 Her.
559 3365 587 3422 5,
616 3362 697 3413 Euol.
716 3365 746 3425 43
778 3377 812 3412 ac
835 3362 877 3412 sic
900 3361 1007 3427 reliqua
1025 3362 1171 3426 deinceps,
1196 3376 1267 3426 quae

364 3425 517 3496 singillatim
536 3431 635 3481 afferre
653 3429 722 3479 nihil
736 3431 847 3481 attinet.
872 3428 927 3479 Sed
936 3430 991 3479 ’noc
1004 3444 1059 3479 non
1078 3427 1287 3493 omittendum,‘

364 3499 479 3553 lugerem
497 3513 514 3546 a
530 3498 620 3549 Balbo
645 3500 775 3548 omissum
798 3511 858 3547 esse
884 3513 918 3548 ex
943 3498 1092 3546 earundem
1110 3495 1267 3546 tabularum

366 3561 528 3617 aucmritate.
564 3567 691 3630 Denique
712 3565 801 3614 altera
819 3579 884 3628 pars
903 3565 1016 3614 tabulae
1035 3564 1132 3626 Balbi,
1162 3579 1215 3628 qua
1234 3563 1268 3612 de

366 3626 495 3683 quadratis
518 3637 547 3681 et
569 3632 675 3682 cubicis
698 3634 834 3683 mensuris
860 3632 965 3697 agitur,
995 3632 1112 3682 liberius
1135 3646 1267 3696 expressa

367 3694 464 3812 {¹⁸1²dess
477 3699 685 3826 egitqqlitudinem
707 3701 885 3751 Heronienae
908 3701 937 3750 II
959 3699 1023 3750 inde
1042 3716 1059 3749 a
1077 3701 1091 3760 ἕ
1111 3701 1143 3750 15
1166 3704 1194 3748 et
1212 3699 1268 3746 Eu·
