3534 4400
445 364 487 431 38
759 383 992 428 nnonnuonnsa
1015 384 1048 427 m

489 523 620 581 talentum
746 522 763 578 1

488 624 549 664 mna
722 606 764 667 60
851 606 866 661 1

489 692 558 748 libra
726 687 789 770 80}
853 687 916 769 141
961 691 976 746 1

488 779 569 835 uncia
702 775 764 833 968
817 806 861 815 -
938 774 977 832 12
1023 776 1039 831 1

490 871 576 919 stater
684 858 765 917 1935
831 856 896 937 aad
939 858 980 915 24
1025 860 1043 915 2
1110 860 1126 916 1

489 948 600 1021 dragma
680 943 765 1002 7740
808 944 869 1001 129
935 944 975 1003 96
1020 945 1039 1003 8
1103 944 1124 1019 4
1191 945 1206 1000 1

489 1031 639 1105 scripulum
659 1027 764 1087 23220
807 1029 868 1088 387
935 1060 977 1069 -
1010 1058 1051 1069 -
1086 1028 1124 1085 12
1191 1028 1210 1087 3
1257 1029 1272 1085 1

395 1134 401 1142 ·
487 1115 587 1171 obolus
657 1113 764 1172 46440
816 1144 859 1155 -
934 1146 975 1154 -
1008 1145 1050 1154 -
1087 1113 1127 1169 24
1195 1115 1212 1171 6
1259 1114 1278 1170 2
1326 1117 1345 1171 1

489 1199 589 1273 siliqua
658 1198 762 1257 92880
815 1230 859 1239 -
934 1229 978 1239 -
1010 1230 1049 1239 -
1084 1198 1125 1257 48
1171 1198 1210 1255 12
1243 1198 1275 1273 Ι4
1322 1199 1353 1255 2.

507 1318 540 1375 lli
560 1326 624 1376 sunt
646 1318 752 1375 numeri
774 1334 844 1391 quos
865 1319 925 1391 ipse
941 1318 1060 1391 scriptor
1075 1315 1182 1374 tabulae
1198 1320 1307 1393 posuit,
1339 1320 1370 1375 in

446 1404 546 1479 quibus
555 1402 596 1474 (ut
607 1419 782 1460 numerorum
796 1411 877 1458 notas
889 1419 962 1460 nunc
971 1402 1097 1476 vulgares
1109 1402 1259 1474 teneamus)
1275 1401 1367 1461 librae

447 1486 510 1568 80}
523 1488 661 1545 breviatae
680 1496 744 1544 sunt
759 1505 791 1544 ex
806 1481 905 1565 8033,
925 1487 996 1543 unde
1010 1488 1092 1543 etiam
1108 1486 1168 1544 968
1186 1489 1280 1545 unciae
1297 1487 1369 1548 elie·

447 1584 521 1642 ctae3
536 1573 640 1647 reliqua
656 1581 747 1629 autem
762 1573 852 1629 omnia
867 1580 993 1629 accurate
1009 1578 1175 1645 computata.

509 1676 658 1749 Postquam
673 1675 725 1732 hac
738 1674 864 1747 longiore
880 1674 1042 1748 quaestione
1058 1674 1169 1746 antiqua
1185 1674 1265 1729 liuius
1284 1673 1369 1731 tabu-

446 1762 488 1818 lae
502 1759 589 1816 forma
605 1762 735 1817 restituta
748 1767 801 1828 est,
822 1760 873 1814 iam
888 1758 996 1815 brevius
1011 1757 1132 1814 eiusdem
1147 1757 1180 1814 de
1198 1760 1368 1817 auctoritate

446 1847 537 1901 dicere
552 1844 624 1900 licet.
657 1844 714 1900 ouo
734 1850 799 1899 sunt
812 1859 882 1916 quae
898 1842 1002 1918 diversa
1020 1842 1055 1898 ab
1070 1842 1183 1916 reliquis
1201 1842 1367 1901 auctoribus

443 1930 490 1985 hic
504 1930 625 2001 scriptor
639 1928 737 1997 tradit,
753 1925 879 1999 siliquam
896 1942 957 1982 esse
974 1926 1116 1983 drachmae
1131 1936 1237 2001 partem
1255 1928 1367 1986 duode-

445 2016 541 2072 cimam
561 2019 588 2068 et
609 2012 707 2067 minam
727 2010 828 2067 hahere
850 2011 990 2067 drachmas
1013 2010 1119 2068 cxxix.
1156 2011 1192 2067 En
1213 2011 1256 2067 his
1279 2011 1363 2085 prius

349 2100 353 2108 ’
445 2099 525 2173 plane
541 2096 699 2152 incredibile
713 2105 759 2152 est
769 2111 950 2169 magnamque
964 2095 1055 2169 prodit
1070 2096 1215 2171 scriptoris
1230 2098 1368 2169 ignoran-

445 2185 510 2239 tiam
531 2189 576 2237 aut
599 2182 787 2238 temeritatem.
820 2179 885 2236 Nam
908 2180 1022 2254 siliquae
1043 2180 1164 2240 delinitio
1187 2198 1244 2238 non
1268 2182 1365 2240 minus

445 2263 519 2325 ccrla
542 2274 569 2322 et
591 2265 768 2323 immutabilis
786 2283 866 2340 quam
881 2264 962 2322 solidi
978 2275 1006 2322 et
1019 2265 1105 2323 librae
1120 2267 1187 2338 luit,
1213 2275 1364 2341 postquam

445 2350 641 2410 Constantinus
669 2368 775 2408 omnem
800 2367 973 2410 nummorum
998 2360 1026 2407 et
1049 2352 1201 2426 ponderum
1225 2353 1364 2409 rationem

446 2436 606 2501 coustituit;
628 2453 694 2510 ergo
710 2437 732 2494 si
750 2438 810 2510 quis
827 2438 947 2510 scriptor
961 2436 1065 2492 diversa
1081 2439 1107 2493 in
1122 2437 1174 2493 hoc
1189 2453 1287 2510 genere
1305 2444 1366 2493 tra-

445 2525 500 2595 dit,
523 2524 581 2578 eius
602 2519 669 2578 fides
690 2521 771 2580 etiam
790 2522 824 2578 de
842 2519 957 2594 reliquis
971 2530 1096 2596 suspecta
1112 2520 1244 2578 redditur.
1277 2521 1364 2577 Nimi-

445 2624 507 2664 rum
529 2606 671 2680 proprium
691 2608 791 2662 veteris
812 2607 900 2662 minae
915 2607 1020 2663 Atticae
1035 2605 1142 2679 pondus
1156 2606 1184 2660 in
1201 2606 1251 2662 hac
1267 2605 1363 2666 tabula

445 2710 499 2748 una
518 2689 645 2747 drachma
664 2684 816 2761 auctum⁴),
840 2698 923 2764 atque
944 2692 1008 2747 hinc
1030 2689 1149 2763 reliquae
1173 2699 1201 2746 et
1222 2692 1309 2746 minae
1333 2701 1364 2748 et

446 2773 542 2831 talenti
562 2775 683 2830 rationes
707 2774 828 2830 effectae.
872 2771 950 2840 Quod
968 2775 1057 2830 minae
1077 2776 1273 2832 incrementum
1296 2779 1362 2849 quis

446 2860 592 2917 hominum
608 2857 709 2930 quade
725 2875 805 2914 causa
821 2867 848 2914 et
863 2875 918 2932 quo
936 2869 1057 2934 tempore
1075 2861 1282 2932 excogitaverit,
1304 2877 1361 2936 ego

445 2959 480 3000 ne
503 2943 660 3000 coniectura
680 2941 789 3015 quidem
807 2941 920 2999 definire
943 2945 1044 3015 ausim,
1065 2961 1116 3000 nee
1136 2961 1200 3002 vero
1221 2945 1247 3001 id
1268 2961 1360 3002 meum

446 3045 507 3086 esse
529 3026 615 3098 duco,
638 3026 685 3100 qui
704 3027 768 3083 huic
782 3027 889 3084 tabulae
904 3028 1013 3084 minime
1029 3045 1087 3085 eam
1105 3032 1294 3086 auctoritatem
1309 3032 1362 3086 tri-

445 3114 493 3170 bui
515 3129 597 3186 posse
619 3128 761 3184 censeam,
781 3120 812 3168 ut
827 3113 888 3169 inde
904 3114 1044 3187 antiquum
1060 3122 1087 3169 et
1101 3115 1242 3188 proprium
1261 3114 1360 3172 talenti

445 3200 529 3254 attici
548 3196 670 3270 pondus,
696 3196 830 3253 diversum
858 3215 873 3254 a
897 3199 1010 3274 reliquis
1034 3198 1191 3256 auctoribus
1218 3199 1360 3272 omnibus,

446 3277 615 3352 efficiatur-⁵).

510 3545 537 3608 4)
550 3534 642 3598 ¹Vetus
660 3547 755 3598 Attice
771 3549 846 3599 mine
865 3565 882 3599 a
901 3548 1002 3601 Solone
1022 3551 1171 3601 constituta
1188 3547 1288 3600 habuit
1306 3567 1362 3602 un·

444 3613 504 3664 cies
521 3614 661 3666 Romanae
680 3617 711 3667 16
731 3615 795 3679 (vol.
813 3617 828 3666 1
844 3633 871 3682 p.
884 3616 938 3684 90),
958 3618 1017 3668 eive
1036 3618 1164 3670 denarios
1182 3618 1359 3672 Neronianos

445 3684 503 3747 128,
521 3699 570 3747 pro
589 3684 686 3750 quibus
703 3685 733 3734 in
750 3683 805 3734 hcc
822 3685 919 3735 tabula
936 3689 1074 3751 ponuntur
1092 3689 1149 3738 129.

511 3753 543 3814 ὅ)’
557 3751 637 3803 Ocni.
657 3751 805 3802 Christium
823 3753 842 3804 l.
861 3769 884 3802 e.
903 3768 928 3819 p.
948 3754 1029 3807 65ss
