3534 4400
487 391 531 457 50
592 413 613 453 u
635 410 792 455 vuanoms
813 408 918 452 nmmo
940 410 983 451 on
1005 408 1124 451 umens
1144 407 1272 451 carrus.
1331 387 1420 471 [108]

435 562 473 602 ιιι
551 546 635 607 Aeris
663 545 782 605 minima
804 561 873 622 pars
896 542 1022 615 sextula,
1052 540 1131 619 quod
1154 542 1235 602 sexti
1257 558 1329 620 pars
1352 559 1417 603 un·

489 647 559 708 ciae.
604 646 755 708 semuncia
779 645 857 723 quod
880 644 1000 705 dimidia
1022 660 1092 722 pers
1114 641 1229 705 unciae.
1275 661 1308 705 se
1330 641 1418 705 vaiet

488 747 639 809 dimidium
667 754 700 808 nt
726 748 757 807 in
785 744 894 807 selibra
922 752 951 807 et
979 744 1119 805 semodio.
1164 744 1252 805 uncia
1281 743 1319 806 ab
1346 763 1417 806 uno

487 850 574 910 dieta.
619 857 738 911 sextans
760 847 796 908 ab
820 864 856 907 eo
879 846 958 925 quod
981 854 1063 908 sexta
1084 862 1154 923 pars
1177 846 1260 917 assis,
1285 852 1318 905 ut
1335 864 1416 927 qna-

453 953 469 1001 5
487 952 577 1011 draus
600 949 678 1030 quod
702 955 815 1030 quarta,
839 955 869 1009 et
889 949 982 1009 triens
998 947 1076 1026 quod
1091 947 1177 1008 tertia
1192 964 1272 1026 pars.
1318 950 1416 1009 semis

488 1052 567 1133 quod
594 1052 715 1121 semies,
744 1050 774 1110 id
802 1056 847 1110 est
869 1045 931 1132 [ut]
959 1048 1110 1110 dimidium
1137 1050 1226 1119 assis,
1255 1055 1288 1108 ut
1317 1067 1415 1127 snpra

488 1154 598 1214 dictum
631 1158 684 1213 est
736 1159 863 1230 septunx
894 1170 910 1211 a
938 1157 1052 1229 septem
1080 1156 1108 1211 et
1135 1152 1223 1211 uncia
1250 1149 1414 1212 conlisum.

436 1274 474 1314 us
487 1254 602 1334 reliqua
625 1253 808 1324 obscuriora,
831 1252 912 1333 quod
934 1252 971 1313 ab
995 1252 1209 1321 deminutione,
1234 1260 1264 1313 et
1280 1270 1315 1313 ea
1331 1271 1414 1332 quae

488 1356 699 1416 deminuuntur
720 1356 760 1415 ita
783 1361 866 1423 sunt,
894 1360 928 1415 ut
950 1360 1096 1415 extremas
1118 1352 1245 1433 syllabas
1267 1352 1412 1414 habeant.

437 1463 470 1511 10
488 1466 520 1517 ut
546 1456 645 1517 deunx
673 1456 792 1533 dempta
821 1457 923 1524 uncia,
958 1455 1081 1517 dextans
1110 1454 1229 1533 dempto
1262 1462 1411 1526 sextante,

488 1558 617 1619 dodrans
638 1559 758 1636 dempto
781 1557 954 1637 quadrante,
971 1548 1040 1627 'bes
1064 1562 1096 1617 ut
1111 1556 1182 1618 olim
1198 1556 1259 1625 des,
1285 1556 1411 1637 dempto

489 1662 605 1722 triente.
1105 1718 1107 1725 .

437 1762 475 1803 ¹⁷³
554 1762 588 1821 ln
610 1770 733 1839 argento
755 1762 882 1822 nummi:
906 1760 936 1821 id
958 1760 995 1821 ab
1019 1758 1133 1821 Siculis.
1180 1760 1302 1829 denarii,
1329 1761 1409 1839 quod

488 1863 581 1923 denos
603 1863 681 1924 aeris
704 1860 848 1931 valebant,
871 1862 1007 1941 quinarii,
1037 1861 1117 1940 quod
1139 1862 1253 1940 quinos.
1299 1869 1410 1923 sester-

439 1968 470 2017 15
488 1965 560 2031 tius,
590 1962 669 2041 quod
696 1965 785 2024 semis
815 1964 933 2033 tertius,
965 1962 1132 2039 dupondius
1161 1965 1239 2023 enim
1268 1970 1297 2023 et
1320 1964 1409 2025 semis

489 2066 627 2143 antiquus
655 2064 808 2124 sestertius
836 2070 895 2133 est,
931 2072 960 2124 et
987 2065 1095 2124 veteris
1124 2064 1346 2125 consuetudinis
1375 2072 1409 2125 ut

489 2175 569 2228 retro
592 2182 661 2226 aere
684 2164 825 2236 dicerent,
849 2166 889 2226 ita
912 2173 944 2227 ut
967 2167 1055 2228 semis
1077 2168 1199 2238 tertius,
1222 2173 1344 2246 quartus
1361 2186 1407 2229 se·

488 2269 543 2327 mis
563 2267 800 2345 pronuntiarent.
834 2267 871 2329 ab
892 2270 980 2330 semis
1001 2248 1106 2330 tertius
1127 2271 1281 2331 sestertius
1302 2269 1407 2330 dictus.

436 2382 476 2422 1⁷4
489 2369 603 2430 nummi
625 2368 740 2431 denarii
762 2367 886 2430 decuma
909 2368 1016 2440 libella,
1042 2370 1120 2450 quod
1138 2369 1245 2432 libram
1261 2371 1361 2450 pondo
1376 2389 1407 2432 as

438 2471 471 2520 20
491 2469 619 2542 valebat,
648 2481 678 2532 et
703 2480 767 2532 erat
789 2490 825 2532 ex
848 2479 972 2550 argento
994 2489 1094 2551 parva.
1139 2472 1295 2543 sembella,
1328 2473 1407 2552 quod

558 2679 581 2724 1.
600 2675 702 2724 unciae
720 2678 771 2725 est.
791 2675 934 2725 semuncia
951 2676 1000 2724 Pri
1096 2677 1121 2724 2.
1140 2675 1295 2726 semiuncia
1313 2676 1339 2736 N

489 2757 532 2823 se]
561 2760 602 2809 sic
619 2760 671 2808 FN
685 2762 734 2812 ret.
837 2774 867 2808 se
890 2758 968 2809 valet
989 2775 1067 2826 usque
1090 2761 1126 2811 nd
1147 2760 1269 2812 semodio
1292 2775 1339 2810 om.
1359 2761 1407 2810 Pri

490 2844 514 2891 4.
535 2844 620 2906 assis,
638 2840 679 2906 ut]
699 2843 770 2892 assis
789 2847 831 2892 est
848 2843 898 2892 Pri
982 2845 1006 2897 6.
1026 2843 1137 2909 semies]
1158 2846 1242 2896 semis
1259 2846 1309 2894 Pri
1375 2850 1406 2896 ut

488 2927 583 2976 seclusi
599 2928 713 2992 idemque
731 2942 779 2977 om.
798 2927 848 2976 Pri
915 2930 938 2978 7.
959 2927 1083 2978 collisum
1102 2930 1159 2993 Pri,
1184 2929 1342 2980 conclusum
1357 2931 1406 2980 FN

488 3018 514 3060 et
531 3013 579 3060 rel.
598 3011 661 3061 lidii
681 3011 810 3060 Varronis
878 3012 905 3063 8.
924 3012 1104 3064 diminutione
1122 3015 1173 3064 Pri
1246 3016 1287 3064 10.
1306 3013 1403 3080 deunx]

489 3094 523 3144 de
542 3109 598 3145 une
614 3095 673 3157 FN,
691 3109 748 3143 una
765 3095 828 3156 Pm',
846 3097 989 3148 emendavit
1005 3095 1059 3163 Spe
1077 3097 1115 3163 (p.
1136 3097 1181 3164 14)
1200 3101 1315 3165 idemque
1333 3101 1404 3150 eiecit

488 3179 579 3228 deunx
602 3181 671 3244 quod
691 3179 752 3230 libri
772 3179 901 3231 Vurrom'e
918 3190 943 3233 et
960 3183 1111 3234 Priscianus
1130 3191 1192 3249 post
1214 3185 1298 3234 uncio,
1315 3184 1405 3234 racem

489 3265 529 3312 14.
551 3263 700 3314 sextertiue
712 3264 747 3322 N,
765 3265 880 3331 idemque
892 3282 932 3317 oc.
945 3269 979 3316 1⁶
1047 3270 1086 3320 15.
1105 3268 1177 3334 quod
1196 3269 1279 3318 semis
1297 3265 1403 3334 tertius]

488 3347 594 3397 dnobus
613 3349 696 3398 semis
718 3349 782 3411 Pri,
806 3349 878 3414 quod
901 3350 1005 3402 duobus
1029 3352 1112 3402 uernis
1135 3353 1245 3430 additur
1267 3351 1403 3404 Muellerus

488 3447 502 3481 e
521 3433 587 3482 coni.
659 3433 701 3486 17.
720 3448 788 3484 uera
805 3434 856 3483 Pri
923 3437 967 3488 ite
984 3441 1015 3487 ut
1031 3462 1066 3476 —
1077 3434 1298 3504 pronuntiarent]
1317 3443 1349 3488 ut
1364 3451 1402 3488 se·

486 3517 541 3566 mis
560 3515 685 3579 quintus,
704 3519 788 3569 uernis
808 3524 937 3585 quartus,
963 3523 1046 3572 semis
1064 3523 1164 3573 tertius
1182 3522 1343 3573 nuntiarent
1358 3521 1404 3571 Pri

488 3601 529 3650 18.
549 3601 693 3654 sestertius
706 3619 753 3654 om.
766 3604 794 3652 N
862 3607 904 3657 19.
917 3603 1043 3672 decuma]
1065 3623 1082 3656 a
1100 3607 1207 3659 decime
1218 3609 1268 3658 Pri
1337 3607 1401 3672 quod

485 3685 587 3735 libram
611 3693 661 3736 eet.
679 3703 727 3739 om.
747 3689 797 3740 Pri
871 3687 912 3755 ns]
937 3690 1010 3741 aeris
1033 3689 1170 3756 Scioppius
1187 3699 1213 3744 et
1229 3693 1292 3744 Moe
1363 3692 1400 3743 ro.

487 3769 617 3822 simbeilu
636 3772 663 3821 N
