3534 4400
349 398 430 483 [126]
512 421 561 461 ex
585 418 1004 464 1s1ooe1earnoaoe1anuaa
1027 422 1141 463 mams.
1230 400 1291 464 115

414 549 471 612 21.
499 552 586 611 Mina
615 558 643 610 in
672 551 855 629 ponderibus
884 557 1001 611 eentum
1025 552 1156 628 dragmis
1178 572 1289 632 appen-

349 654 431 714 ditur
458 661 490 713 et
516 659 571 712 est
591 668 700 711 nomen
724 651 881 713 Graecum.

414 768 472 831 22.
499 768 666 830 Talentum
695 787 843 829 summum
870 787 935 829 esse
967 769 1083 847 pondus
1111 770 1288 846 ⁴perhibetur

342 876 379 939 in
404 872 559 939 Graecis;
592 887 660 929 uam
683 868 756 929 nihil
780 878 824 929 est
846 870 928 929 caleo
950 870 1056 938 minus,
1079 870 1153 929 nihil
1176 870 1287 949 talento

351 973 461 1033 maius.
521 973 610 1031 cuius
643 973 756 1031 varium
786 980 856 1048 aput
883 971 1014 1053 diversas
1041 978 1145 1048 gentes
1172 973 1323 1049 ponduso

352 1074 498 1133 habetur.
551 1080 623 1149 aput
645 1071 795 1131 Romanos
817 1081 915 1132 autem
938 1072 1080 1132 talentum
1104 1081 1148 1132 est
1171 1081 1289 1149 septua-
1383 1077 1385 1080 '

352 1176 434 1251 ginta
467 1175 605 1234 duarum
633 1171 791 1239 librarum,
822 1174 899 1231 sieut
919 1172 1041 1259 Plautus
1064 1174 1208 1241 ostendit,
1239 1177 1289 1251 qui
1337 1228 1340 1234 ,

353 1278 393 1335 ait
426 1275 492 1335 duo
532 1272 645 1335 talenta
677 1291 742 1333 esse
771 1282 889 1333 centum
918 1274 1112 1352 quadragima
1141 1282 1290 1353 quattuor

354 1374 457 1437 libras.
510 1374 575 1455 [est
603 1383 701 1435 autem
731 1372 852 1453 triplex.
891 1375 920 1434 id
950 1383 994 1434 est
1021 1377 1132 1447 minor,
1165 1376 1288 1443 medius,

356 1495 506 1537 summus.
563 1477 661 1535 minor
698 1475 925 1553 quinquaginta,
959 1475 1075 1534 medius
1105 1479 1287 1555 septuaginta
1308 1479 1339 1528 10

358 1578 489 1638 {tuarum
516 1577 682 1643 librarum,
707 1593 840 1635 summus
863 1584 983 1635 eentum
1004 1577 1104 1652 viginti
1128 1573 1267 1655 constat]

421 1693 477 1757 23.
506 1694 719 1757 Centenarium
743 1693 860 1752 numeri
882 1710 991 1752 nomen
1015 1700 1059 1753 est
1075 1712 1109 1751 eo
1126 1692 1205 1770 quod
1221 1710 1289 1753 oen-

361 1804 422 1856 tum
460 1796 613 1857 iibrarum
644 1793 785 1873 ponderis
815 1794 859 1853 sit.
911 1794 989 1871 quod
1020 1793 1137 1871 pondus
1165 1802 1290 1870 propter

362 1898 586 1973 perfectionem
616 1894 780 1955 centenarii
802 1896 921 1985 numeri
942 1896 1131 1955 instituerunt
1153 1894 1288 1954 Romani.

366 2145 436 2210 tto.
478 2147 535 2210 Em
559 2134 768 2208 eodem'libro
792 2155 887 2227 eaput
909 2146 948 2208 de
970 2150 1123 2209 mensuris
1140 2145 1287 2231 (XXVI).
1310 2152 1341 2200 16

637 2281 721 2350 xxv.
756 2301 807 2349 on
826 2299 1021 2350 mansonis.

434 2434 461 2496 1.
487 2438 628 2497 Mensura
653 2443 698 2495 est
719 2453 768 2495 res
792 2432 887 2511 aquua
910 2434 998 2492 modo
1022 2452 1075 2492 suo
1098 2433 1142 2494 vel
1158 2442 1290 2513 tempore

371 2536 607 2614 circumscripta.
653 2536 727 2595 haee
754 2543 805 2594 aut
835 2535 970 2611 corporis
999 2542 1044 2592 est
1066 2542 1115 2593 aut
1137 2535 1289 2612 temporis.

372 2640 516 2715 eorporis,
546 2645 578 2697 ut
600 2637 751 2696 hominum
775 2634 925 2712 lIgnorum
948 2643 977 2693 et
1000 2633 1204 2695 columnarum
1226 2635 1290 2694 lon-

373 2737 473 2811 gitudo
497 2747 526 2800 et
550 2737 688 2799 brevitas.
726 2737 831 2797 sedet
853 2735 945 2796 solem
968 2737 1057 2794 istum
1079 2737 1230 2813 propriam
1247 2737 1291 2794 sui
1309 2737 1344 2784 20

373 2903 576 2916 -ι-ξ-..ο

441 3008 465 3060 l.
483 3006 572 3058 rusina
590 3007 623 3056 B*
696 3009 721 3056 2.
741 3021 852 3071 grecum
871 3005 946 3055 ABG
1010 3013 1072 3069 post
1089 3004 1227 3054 Graecum
1245 3006 1294 3054 BC

377 3089 433 3140 ada.
448 3093 521 3156 quod
533 3097 597 3141 sunt
609 3091 726 3155 siliquae
740 3090 883 3154 (siliquiC)
895 3087 1005 3138 mccc
1018 3090 1160 3138 tremisses
1169 3087 1293 3137 CCXXV

377 3171 456 3223 solidi
473 3175 575 3224 LXXV
599 3180 718 3224 stateres
737 3175 813 3224 XXV
900 3176 924 3222 3.
944 3173 1086 3237 peribetur
1108 3173 1137 3220 in
1155 3172 1248 3237 greeIs
1266 3173 1291 3220 Α

377 3256 400 3306 4.
419 3258 528 3309 calculo
548 3259 568 3309 0
636 3262 660 3310 5.
679 3259 810 3312 uariuaA
865 3257 938 3322 apud
955 3256 1025 3317 Boo,
1043 3262 1102 3306 item
1118 3272 1153 3306 as.
1173 3259 1294 3318 proximo

379 3337 400 3388 6.
420 3341 524 3409 autem]
546 3344 620 3393 enim
637 3343 698 3392 BGo
752 3337 806 3405 est]
828 3355 888 3391 esse
908 3342 942 3403 A,
961 3356 1007 3391 om.
1026 3340 1062 3389 B¹
1114 3339 1219 3389 LXXII
1232 3339 1295 3390 BCu

379 3419 402 3473 8.
422 3431 531 3476 eentum
550 3428 743 3491 quadragenta
762 3427 799 3484 A,
826 3424 938 3475 CXLIV
955 3425 1009 3488 Bu,
1029 3423 1184 3473 CXLIIIO
1268 3426 1294 3474 9.

382 3506 466 3560 minus
483 3511 601 3562 madium
620 3525 753 3561 summum
771 3507 842 3559 B²o²
860 3510 996 3573 eodemque
1014 3513 1040 3557 in
1056 3511 1182 3572 proximis
1251 3511 1294 3557 10.

383 3592 586 3660 quinquagenis
605 3595 630 3644 A
700 3599 887 3659 septuagenta
910 3593 1024 3641 duarum
1043 3593 1081 3649 A,
1109 3592 1213 3642 LXXII
1232 3591 1296 3641 BCu

385 3673 422 3722 11.
440 3684 547 3729 eentum
566 3680 673 3744 vigenti
691 3680 725 3739 A,
746 3676 821 3728 CXX
838 3676 901 3728 BCu
970 3678 1011 3728 16.
1030 3676 1119 3725 XXVI
1138 3677 1171 3726 Ga
1252 3677 1295 3725 18.

385 3753 513 3828 inscripta
534 3761 563 3814 0¹
616 3763 688 3813 haee
707 3766 798 3812 autem
817 3763 841 3809 A
1316 3795 1326 3824 ,

1096 3840 1142 3903 8*
