3534 4400
482 332 526 395 24
797 348 1034 392 enonasoramaa
1052 350 1085 391 na

484 490 563 547 alieri
579 483 622 564 (de
638 486 683 559 lig.
700 486 719 557 3
738 484 806 558 17),
831 503 861 544 ea
879 488 968 543 omnia
982 484 1086 560 Didymi
1105 500 1166 544 esse
1187 485 1334 559 arbitror,
1360 504 1423 544 uon

483 575 581 647 partim
596 572 727 643 Dardani,
746 579 778 627 ut
791 570 890 627 statuit
904 564 1044 642 Keilius⁷).

689 737 727 787 De
749 727 862 786 Victorii
878 740 1026 799 orpumenlo
1044 736 1196 788 calculandi.

416 850 470 912 117
544 841 674 898 Pervenio
695 843 749 898 ianr
773 841 806 897 ad
828 842 991 914 scriptorem
1007 838 1146 896 Prisciano
1168 838 1224 895 iere
1246 838 1418 913 aequalem,

484 943 564 1002 quem
580 925 772 984 calculatorem
788 922 1020 981 studiosissimum
1037 924 1187 997 imperator
1199 923 1351 980 Honorius
1368 941 1421 999 ap·
1460 974 1463 979 ,

482 1011 600 1086 peilasse
621 1010 725 1080 fertur,
749 1008 902 1065 ticionum.
918 1010 1095 1082 Aquitauum.
1137 1007 1220 1064 Cuius
1242 1007 1275 1062 de
1302 1006 1365 1065 vita
1389 1016 1418 1064 et

483 1096 593 1169 scriptis
613 1092 732 1166 praefari
753 1091 935 1166 supersedeo,
958 1107 1020 1149 eum
1038 1108 1126 1165 nuper
1140 1091 1282 1165 copiosius
1308 1092 1348 1147 de
1372 1091 1419 1147 iris

482 1179 662 1252 disputaverit
674 1176 809 1233 Christius
816 1172 844 1251 ¹).
874 1175 927 1233 Sed
939 1183 969 1231 ut
979 1178 1074 1250 paucis
1087 1182 1209 1250 repetam
1226 1192 1298 1249 quae
1317 1176 1416 1233 omitti

482 1269 635 1336 nequeunt,
652 1270 762 1337 praeter
780 1260 989 1319 celeberrimum
1006 1258 1082 1316 illum
1098 1275 1228 1317 canonem
1243 1258 1417 1334 paschalem

481 1346 618 1403 Victorius
639 1346 750 1421 scripsit
764 1346 865 1419 priore
885 1352 964 1418 parte
983 1344 1085 1401 saeculi
1100 1344 1122 1399 V
1137 1352 1338 1417 argumentum
1358 1344 1415 1401 cal·

482 1430 604 1500 eulaudi,
629 1431 711 1487 cuius
730 1430 836 1486 initium
859 1428 925 1485 olim
948 1430 1021 1484 inter
1040 1427 1126 1485 Bedae
1147 1428 1247 1503 scripta
1273 1423 1415 1499 editum²)

482 1531 570 1592 nuper
590 1514 739 1571 adhristio
760 1531 775 1571 e
799 1507 892 1571 codice
907 1510 1099 1593 Bamberqeusi
1119 1514 1266 1587 repetitum
1288 1521 1337 1569 est
1357 1528 1415 1570 uua

482 1616 542 1657 cum
569 1598 691 1656 dbhonis
721 1597 910 1655 commentarii
939 1596 1064 1671 partibus
1092 1596 1253 1691 quibusdam
1282 1598 1412 1653 selectis.

480 1685 550 1740 ilinc
570 1701 621 1741 uos
642 1685 827 1758 excerpsimus
848 1699 880 1739 ea
901 1697 970 1756 quae
992 1681 1025 1738 de
1046 1682 1116 1739 assis
1137 1680 1269 1737 divisione
1292 1682 1414 1738 tradun-

483 1763 572 1839 tur³),
598 1770 740 1825 omisimus
765 1775 855 1823 autem
879 1764 985 1823 tabulas
1006 1764 1243 1841 multiplicationis
1264 1765 1410 1823 alieunsa

480 1852 636 1927 proposito.
671 1851 838 1925 Quamquam
860 1859 981 1907 extrema
1003 1849 1084 1907 verba
1104 1849 1158 1907 loci
1180 1849 1298 1907 anobis
1323 1849 1410 1907 editi:

479 1941 540 1991 inm
563 1936 695 2007 reliquae
717 1938 859 1991 minutiae
878 1963 928 2007 -,
950 1942 983 1989 ut
1004 1942 1072 1990 sunt
1091 1935 1201 1991 sicilici
1218 1936 1359 1991 sertulae
1382 1940 1410 1988 et

482 2028 597 2088 cetera,
620 2020 723 2075 melius
739 2034 777 2074 es
791 2022 885 2090 ipsius
902 2018 1013 2074 cuiculi
1026 2022 1207 2091 inspectione
1223 2034 1410 2093 eopnoscun-

481 2115 541 2173 tur,
557 2104 625 2160 haec
637 2103 732 2159 iisdem
745 2103 845 2160 tabulis
858 2103 1058 2177 quodammodo
1071 2102 1254 2173 illustrantur,
1266 2104 1408 2178 siquidem
1476 2156 1483 2171 ,

481 2189 537 2245 illie
558 2187 676 2262 legimus
698 2187 785 2244 omnis
806 2186 1043 2262 multiplicationis
1063 2188 1227 2288 principium
1243 2187 1303 2245 fieri
1322 2206 1337 2244 a
1354 2188 1408 2245 di·

479 2273 586 2329 midia
601 2272 749 2329 sextula.
776 2273 847 2329 llaec
863 2273 950 2345 igitur
967 2280 1102 2346 tamquam
1119 2274 1230 2330 minima
1249 2290 1311 2348 pars
1333 2273 1407 2330 assis

479 2357 599 2414 addenda
615 2365 658 2414 est
674 2354 794 2414 sextulae
810 2355 914 2414 sicilico
929 2357 1097 2431 reliquisque
1112 2360 1234 2414 minutiis
1251 2357 1405 2415 aVictorio
1465 2397 1467 2400 -

480 2437 653 2499 enumeratis.

690 2608 796 2659 Carmen
815 2609 847 2657 de
862 2607 1023 2672 ponderibus
1039 2608 1193 2658 illustratur.

414 2718 466 2778 118
542 2713 676 2770 iiidactica
697 2712 880 2769 Romanorum
904 2712 978 2768 Musa
1000 2719 1031 2769 ut
1052 2710 1157 2773 nullum
1179 2711 1237 2769 iere
1259 2712 1403 2769 doctrinae

481 2812 568 2869 genus
585 2797 708 2869 quamvis
722 2795 841 2851 alienum
857 2811 872 2850 a
887 2798 995 2868 poetica
1011 2795 1172 2853 tractatione
1185 2796 1297 2898 reliquit
1310 2799 1401 2853 inteu-

479 2959 573 3010 drinus
596 2958 644 3023 qui
667 2958 701 3008 da
724 2958 860 3008 mensuris
883 2973 1046 3023 marmorum
1070 2975 1103 3010 se
1127 2960 1263 3026 lignorum
1288 2959 1401 3039 scripsit

480 3031 529 3076 aut
541 3025 742 3076 Chalcenterus
761 3040 822 3076 esse
840 3025 981 3078 rideretur
999 3031 1047 3078 aut
1065 3027 1137 3078 elius
1156 3027 1293 3093 quispiam
1312 3043 1345 3078 ex
1364 3026 1400 3075 iis

478 3093 606 3158 Didymis
629 3107 696 3174 quos
720 3093 826 3158 scripte
849 3093 995 3158 reliquisse
1020 3095 1131 3146 aliunde
1155 3095 1289 3148 novimus.
1328 3095 1399 3144 Nam

478 3161 557 3211 nulle
575 3162 644 3212 est
635 3177 666 3211 ιιι
685 3177 719 3211 ea
737 3177 766 3211 re
785 3161 939 3227 probabilis
958 3163 1135 3213 coniecturae
1150 3163 1229 3228 quasi
1243 3177 1323 3225 ensa3
1343 3160 1399 3211 nisi

479 3229 551 3278 forte
569 3228 622 3278 hoc
642 3227 776 3279 affirmari
793 3232 885 3294 potest
905 3221 980 3286 certe
999 3245 1016 3279 a
1029 3229 1224 3294 Chalcentero,
1244 3231 1290 3295 qui
1308 3243 1398 3296 gram·

478 3295 596 3346 maticos
613 3295 800 3346 tantummodo
812 3295 899 3348 libros
912 3297 1068 3363 scripserit,
1088 3297 1208 3350 alienam
1221 3297 1308 3368 luisse
1320 3295 1396 3346 illem

477 3377 668 3414 mensurarum
686 3363 842 3415 seientiam.
917 3405 923 3413 .

547 3429 707 3491 'l.)Quuest
727 3445 840 3496 g.ramm
860 3446 887 3495 p
907 3432 931 3484 8

494 3566 528 3616 00
547 3495 667 3614 1)15ξίᾱε
685 3497 904 3562 Sitzunqsdericlrt
926 3501 973 3550 der
995 3499 1100 3554 Mincd.
1119 3500 1207 3551 Aleae.
1233 3501 1308 3552 1863.
1333 3499 1346 3549 I
1367 3513 1393 3562 p.

545 3631 573 3695 2)
592 3631 624 3682 V.
644 3631 790 3684 Christium
808 3648 835 3698 p.
855 3635 913 3686 tos.

545 3700 571 3763 3)
591 3699 697 3751 ibidem
715 3717 742 3766 p.
762 3703 811 3752 133
830 3715 852 3751 s.
