3534 4400
579 1207 585 1213 ·
678 1216 1017 1333 pannonum.

451 1491 600 1566 Postquam
620 1491 653 1547 ad
674 1491 752 1565 prius
774 1492 901 1547 volumen
923 1492 1123 1566 praefationem
1145 1494 1261 1567 scripsi,
1281 1495 1308 1548 in

387 1594 441 1649 qua
458 1593 489 1632 ea
505 1591 617 1650 quoque
632 1574 752 1632 subsidia
769 1579 925 1632 enumeravi
943 1593 1013 1650 quae
1030 1578 1083 1637 iam
1094 1577 1133 1632 ed
1153 1579 1223 1633 hanc
1243 1577 1310 1633 alte·

386 1678 444 1716 ram
473 1668 578 1734 partem
608 1659 739 1715 edendam
766 1660 947 1731 collegeram,
976 1660 1038 1715 anni
1063 1676 1124 1715 eum
1150 1668 1309 1733 apparatum

386 1743 617 1816 Guelferbytanae
638 1742 822 1799 bibliothecae
843 1744 930 1816 copiis
950 1760 1018 1817 quas
1033 1751 1137 1800 aestate
1158 1744 1310 1817 superioris

386 1828 450 1883 anni
467 1827 528 1882 adii.
563 1826 706 1882 Praeterea
723 1823 924 1885 Gummuuus
941 1824 1078 1897 caman,
1098 1829 1138 1883 vir
1153 1828 1307 1885 studiorum

386 1910 567 1967 similitudine
599 1910 667 1965 mibi
695 1910 951 1982 coniunctissimus,
986 1912 1075 1967 tribus
1105 1915 1308 1969 commentariis

385 2013 456 2068 quos
478 1995 549 2050 inlra
569 2011 621 2050 suo
638 2011 772 2068 quemque
786 1994 847 2051 loco
863 1995 980 2053 laudabo
1002 1996 1130 2053 multaret
1146 1998 1258 2071 egregia
1274 1998 1307 2052 ad

383 2078 532 2136 nonnullas
551 2096 596 2135 res
618 2078 787 2135 difficiliores
809 2079 986 2138 illustrandas
1007 2080 1133 2139 contulit.
1173 2081 1225 2139 Sed
1252 2082 1304 2137 ianr

386 2163 494 2238 singula
512 2178 636 2238 quaeque
652 2180 813 2238 persequar.

448 2248 602 2308 108.109.
625 2247 754 2318 Varronis
766 2249 899 2308 librorum
912 2249 944 2306 dc
958 2251 1052 2324 lingua
1065 2250 1159 2308 Latina
1175 2251 1308 2324 reliquias

383 2350 452 2406 quae
467 2349 541 2389 nunc
561 2340 668 2389 exstant
689 2349 783 2390 omnes
805 2343 914 2392 constat
929 2335 1039 2392 [luxisse
1057 2353 1071 2391 e
1086 2336 1180 2391 codice
1195 2333 1307 2391 Floren·
1340 2348 1348 2358 ⁸

384 2418 439 2474 tino
461 2417 511 2474 illo
527 2416 629 2474 saeculi
643 2417 677 2472 XI
694 2415 753 2493 (F),
775 2435 855 2491 quem
880 2419 945 2474 olim
967 2419 1084 2476 contulit
1099 2419 1198 2475 Petrus
1215 2417 1307 2475 Victo-

381 2504 444 2557 rius.
480 2500 604 2557 Eundem
626 2517 688 2557 cum
713 2517 801 2573 nuper
821 2503 1015 2574 descripsisset
1040 2503 1071 2558 H.
1093 2501 1197 2557 lleilius
1224 2502 1307 2573 idque

381 2586 572 2660 apographum
589 2586 774 2641 concessisset
788 2584 817 2641 L.
831 2584 996 2658 Spengelio‚
1013 2584 1086 2639 hunc
1100 2582 1227 2656 precibus
1243 2584 1306 2654 adii,

382 2679 411 2726 ut
425 2671 458 2728 ad
474 2686 526 2726 eos
542 2669 621 2725 locos
639 2684 709 2742 quos
725 2669 752 2723 in
771 2668 846 2725 huuc
860 2668 961 2724 librum
977 2676 1140 2742 recepturus
1156 2684 1244 2726 essem
1263 2685 1307 2723 va-

380 2755 446 2811 riam
461 2753 616 2811 Florentini
632 2752 795 2826 scripturam
815 2771 847 2809 en
868 2751 917 2810 illo
933 2755 1091 2828 apographo
1108 2753 1174 2810 mihi
1192 2753 1306 2809 adnota-

380 2847 429 2894 ret.
466 2837 624 2910 ¹Respondit
648 2837 754 2910 petenti
782 2838 823 2892 vir
850 2839 980 2911 egregius
1009 2839 1186 2912 paratissimo
1213 2838 1305 2896 animo

380 2925 511 2998 misitque
533 2921 598 2977 mibi
619 2921 652 2976 ad
673 2918 764 2977 locum
780 2922 812 2978 de
829 2922 985 2995 agrestibus
1000 2923 1135 2978 mensuris
1152 2921 1194 2993 (V,
1211 2922 1251 2980 34
1269 2941 1305 2995 s,

381 3008 459 3064 nobis
483 3001 609 3081 tutuo)
637 3007 725 3079 ipsius
747 3004 900 3063 Florentini
926 3008 1104 3080 scripturam;
1129 3007 1162 3062 ad
1188 3007 1303 3062 alterum

380 3100 469 3148 autem
486 3091 578 3147 locum
597 3085 638 3164 (V,
657 3090 717 3148 169
732 3107 780 3161 ss,
798 3091 830 3147 ir.
847 3089 929 3163 108),
946 3093 1034 3165 quiin
1051 3091 1212 3147 Florentino
1230 3108 1304 3146 nunc

379 3174 550 3232 desideratur
569 3172 709 3230 nonnullis
730 3173 804 3230 loliis
825 3175 952 3232 abscissis
968 3184 1148 3250 posteaquam
1164 3174 1304 3232 Victorius

381 3275 412 3315 eo
428 3277 497 3316 usus
514 3267 572 3326 est,
595 3259 736 3315 adnotavit
753 3260 995 3316 varietatem-alius
1013 3260 1153 3316 cuiusdam
1170 3259 1272 3317 codicis
1289 3278 1302 3315 a

380 3341 468 3400 lleilio
486 3343 590 3413 collati,
605 3344 654 3417 qui
669 3343 873 3400 accuratissime
888 3362 920 3400 ex
937 3346 997 3418 ipso
1013 3345 1127 3418 antiquo
1143 3343 1303 3400 Florentino

379 3427 535 3502 descriptus
556 3436 599 3484 est
614 3423 671 3503 (tt).
710 3429 802 3500 Atque
821 3429 888 3486 haec
905 3429 1013 3502 quidem
1028 3446 1079 3502 per
1093 3429 1201 3484 litteras
1217 3428 1303 3501 Spen-

379 3511 469 3582 'gelius
495 3528 602 3569 mecum
627 3514 851 3579 communicavit;
883 3520 1027 3587 praeterea
1055 3512 1191 3568 rationem
1218 3512 1301 3568 bubni

379 3597 438 3651 cius
453 3597 642 3653 commentarii
659 3613 739 3672 quem
756 3597 827 3654 idem
842 3598 875 3653 de
890 3596 969 3653 libris
982 3597 1111 3653 Varronis
1128 3595 1303 3652 emendandis

380 3680 507 3756 scripsit:
540 3681 631 3738 deber
647 3683 696 3738 die
712 3681 808 3739 Krite'lr
824 3683 878 3738 der
899 3682 1118 3739 Varroniscben
1134 3680 1250 3736 Br'tcber
1266 3681 1303 3732 da

377 3762 480 3837 linqua
496 3766 611 3824 Latina.
644 3764 790 3824 notandi.
806 3767 836 3822 d.
850 3767 955 3840 Boper.
973 3765 1069 3821 Aliud.
1089 3767 1104 3820 1
1118 3766 1158 3822 ct.
1181 3764 1234 3820 Vll
1248 3760 1301 3815 Bd.

1107 3862 1146 3920 a*
