3534 4400
558 482 562 488 .
604 446 806 491 scnxeronns
823 414 989 492 nouenos.

536 632 576 681 De
598 631 697 682 Volusii
716 632 847 681 Maeuiani
864 632 1051 693 distributione.

399 736 429 791 L.
449 735 576 792 Volusius
591 736 758 807 Maecianus,
780 754 866 810 eques
883 738 1036 809 Romanus,
1053 740 1120 796 iuris
1137 732 1250 799 scientia
1267 732 1320 800 115

344 818 540 892 nobilissimus,
566 820 599 877 bl
622 820 726 877 Aurelii
750 830 931 897 praeceptor,
958 821 1005 895 qui
1028 822 1190 881 interiectus
1210 833 1252 881 est

345 903 512 962 Alexandriae
532 922 556 962 a.
572 903 681 960 CLXXV
696 902 758 979 plus
779 908 920 979 sexaginta
936 922 1021 963 annos
1037 917 1118 964 natus
1127 903 1162 979 ¹),
1186 910 1252 966 scri·

344 990 395 1062 psit
412 981 649 1063 et'qusestionum
666 989 699 1046 de
715 988 776 1047 fidei
793 992 946 1049 commissis
962 990 1048 1049 libros
1064 992 1118 1048 XVl
1135 1002 1162 1049 et
1178 992 1251 1051 hunc

344 1072 487 1130 breviorem
509 1074 733 1131 commentarium
759 1074 792 1133 de
815 1076 885 1132 assis
908 1074 1112 1133 distributione.
1154 1074 1252 1143 Quam·

345 1174 416 1230 quaxn
437 1159 497 1233 ipse
523 1174 578 1215 non
600 1155 681 1213 Aesis
706 1159 875 1216 distributio
900 1159 1040 1233 inscripsit
1065 1160 1175 1232 libello,
1203 1162 1251 1217 sed

343 1239 459 1314 pleniore
479 1242 561 1299 titulo
577 1241 753 1301 Distributio
775 1249 844 1301 item
862 1244 1007 1301 uocabula
1023 1261 1060 1302 oc
1076 1244 1163 1302 uotae
1175 1262 1250 1318 por·

345 1330 406 1382 dum
420 1333 450 1384 iu
460 1326 548 1383 rebus
560 1339 635 1399 quus
647 1336 781 1386 coustant
793 1329 926 1402 pondere
939 1344 1060 1387 numero
1072 1346 1206 1387 mensuro
1213 1328 1250 1403 ²);

344 1419 504 1487 quapropter
524 1411 604 1469 uobis
623 1412 744 1470 breviter
764 1414 935 1471 distributio
956 1431 987 1472 ea
1007 1414 1166 1489 appellanda
1189 1432 1250 1472 esse

348 1494 451 1553 ridetur.

399 1579 513 1656 Scripsit
528 1581 600 1638 hunc
615 1584 839 1638 commentarium
850 1583 1003 1640 Maecianus
1019 1582 1051 1638 nd
1065 1582 1098 1637 bl.
1111 1582 1249 1639 burellum

343 1661 484 1736 Caesarem,
501 1664 584 1740 quem
596 1673 656 1722 tum
670 1666 738 1722 iuris
753 1666 898 1740 disciplina
913 1665 1090 1735 instituebat,
1107 1682 1178 1723 anno
1194 1666 1250 1722 lere

343 1744 462 1821 CXLVP).
497 1749 555 1818 Qua
570 1752 598 1806 in
613 1767 653 1821 re,
672 1758 702 1806 ut
717 1752 777 1824 ipse
793 1750 874 1824 plane
890 1758 918 1807 et
932 1757 1025 1823 aperte
1040 1750 1208 1807 demonstrat
1223 1753 1251 1805 in

343 1832 517 1908 praelatione,
537 1834 564 1890 id
581 1836 649 1908 egit,
664 1852 698 1890 ne
714 1836 784 1890 assis
800 1834 958 1892 distributio
978 1842 1006 1897 et
1020 1834 1048 1890 in
1062 1834 1191 1891 heredum
1210 1836 1251 1889 iu·

344 1917 478 1976 stitutione
501 1926 529 1975 et
548 1920 576 1975 in
596 1918 656 1975 aliis
677 1919 769 1976 multis
791 1919 874 1975 rebus
890 1920 1045 1976 necessaria
1066 1920 1160 1993 ignota
1177 1926 1251 1975 esset

344 1998 449 2059 Caesari.
479 2004 601 2059 Primum
620 2003 706 2076 igitur
720 2020 828 2060 omnent
844 2005 930 2079 ipsius
947 2005 1015 2061 assis
1030 2003 1190 2060 divisionem
1207 2020 1251 2060 ac·

344 2093 426 2143 curate
444 2091 557 2164 exponit
576 2096 722 2162 partesque
737 2090 810 2145 inter
823 2106 853 2145 se
868 2096 1008 2161 comparat
1023 2083 1167 2165 (1-43)‚
1192 2096 1250 2143 tum

344 2175 464 2241 pecuniae
483 2174 607 2248 signatae
623 2189 667 2229 eas
683 2172 881 2248 appellationes
897 2173 1076 2249 persequitur
1095 2188 1164 2247 quae
1179 2171 1250 2229 reie-

344 2263 431 2313 mntur
450 2257 485 2315 ad
506 2253 612 2326 assem,
634 2275 666 2314 ex
687 2275 743 2332 quo
764 2259 852 2315 omnis
867 2274 994 2315 nummus
1010 2266 1158 2332 argenteus
1172 2265 1251 2332 potc-

344 2344 430 2397 statem
453 2335 553 2398 babeat
574 2341 645 2414 (44).
689 2344 727 2398 Ac
748 2359 812 2399 vero
835 2344 887 2401 bac
907 2342 943 2398 de
960 2350 1039 2415 parte
1060 2340 1248 2399 commentarii

343 2423 425 2493 paullo
442 2426 526 2483 latius
545 2427 681 2502 explicare
695 2443 809 2483 necesse
824 2435 876 2483 est.

397 2509 514 2567 Primum
529 2510 611 2568 docet
625 2512 744 2586 scriptor
756 2506 902 2586 (ts-62)
920 2509 1069 2578 denarium,
1088 2512 1250 2582 argenteum

343 2605 492 2665 nummum‚-
513 2596 560 2669 qui
575 2595 630 2652 XVl
645 2612 721 2651 asses
741 2595 854 2665 habeat,
875 2595 967 2668 ipsum
983 2594 1050 2648 assis
1067 2593 1154 2650 instar
1169 2591 1250 2647 dividi

343 2690 425 2746 posse.
452 2679 532 2749 Quod
544 2697 595 2738 rios
609 2679 738 2743 facillime
754 2682 792 2737 ita
808 2677 1012 2752 explicabimus,
1020 2684 1059 2758 *ut
1074 2691 1136 2733 eum
1151 2692 1250 2746 assem,

346 2789 538 2804 Ἀη--ι

403 2859 427 2925 1)
445 2863 527 2911 Hnec
546 2861 638 2911 omniu
657 2860 769 2926 egregie
783 2861 909 2926 exposuit
920 2861 1105 2910 Mommsenus
1124 2858 1152 2908 in
1170 2873 1250 2924 prae-

345 2920 438 2979 fatione
457 2929 494 2978 nd
511 2927 619 2978 Volusii
637 2928 778 2978 Meecieni
796 2928 1019 2979 distributionem
1042 2924 1183 2990 (Abbuudt.
1203 2927 1252 2976 der

345 2987 424 3045 Sicu.
443 2997 579 3047 Gerellscb.
598 2997 647 3046 der
663 2996 818 3049 Wisserrscb.
837 2996 891 3049 Bu.
905 2995 965 3044 III.
985 2997 1055 3044 1853
1069 3011 1097 3059 p.
1110 2993 1251 3058 281-85).

402 3061 429 3125 2)
452 3064 534 3116 Hanc
556 3064 767 3129 inscriptionem
790 3078 860 3127 quae
882 3063 913 3112 iu
934 3061 1015 3113 libris,
1032 3065 1123 3112 exstat
1140 3064 1252 3110 tuentur

344 3122 420 3188 ipsius
440 3129 583 3182 Maeciuni
605 3130 706 3184 verbe:
728 3146 783 3180 cum
805 3137 897 3195 portes
917 3132 989 3194 ipsos
1011 3135 1061 3178 tum
1081 3127 1203 3179 uocabula
1227 3133 1252 3176 et

345 3199 410 3245 notar
424 3200 609 3264 proponendus
631 3200 790 3256 existimaui;
812 3205 838 3248 et
856 3199 1033 3264 deprehendes
1051 3195 1252 3246 distributionem

345 3262 432 3322 widem
445 3270 560 3331 portium
576 3268 712 3330 infinitam,
730 3267 827 3330 oppido
845 3272 926 3317 autem
939 3280 1012 3331 quam
1024 3266 1119 3329 euripus
1131 3262 1252 3314 vocabulo

345 3334 367 3375 τί
386 3337 464 3387 nolus.
503 3334 584 3386 Unde
614 3338 732 3400 apparet
761 3336 827 3384 assis
855 3333 1015 3393 distributio,
1046 3330 1118 3396 quod
1145 3329 1253 3396 placuit

344 3391 501 3466 Biiclringio‚
530 3401 645 3468 probari
673 3415 728 3451 uon
751 3415 841 3466 posse.
878 3401 948 3450 Tum
964 3399 1118 3450 *distributio
1139 3402 1253 3464 portium

345 3468 467 3524 praetulit
478 3468 672 3520 Mommsenus.
708 3469 763 3520 Sed
780 3468 847 3518 mihi
866 3472 915 3518 nul
932 3467 1030 3533 plenus
1049 3465 1146 3516 titulus
1165 3467 1253 3517 distri-

345 3525 404 3582 butio
424 3537 481 3586 item
503 3538 627 3589 uocabulo
648 3553 680 3589 uc
702 3544 778 3602 uotae
797 3537 910 3602 partium
934 3539 988 3586 cet.
1007 3534 1171 3600 repetendus
1191 3547 1252 3583 esse

347 3597 445 3673 tridetur
461 3606 492 3641 —'
515 3605 565 3656 ubi
587 3605 682 3656 nescio
707 3606 823 3655 eu‘r'tem
845 3603 1015 3655 inculcatum
1039 3602 1076 3652 sit
1099 3601 1134 3652 ub
1159 3601 1252 3664 aliquo

346 3658 448 3722 librario
466 3698 498 3708 -
517 3677 566 3723 aut
584 3672 706 3723 breviter
729 3671 873 3724 distributio
899 3671 996 3722 eadem
1019 3669 1152 3734 dicenda,
1182 3669 1254 3718 sicut

346 3728 405 3784 iecit
422 3736 584 3792 Gronovius.
710 3742 712 3747 '

404 3803 429 3868 3)
446 3806 515 3878 Vide
533 3808 695 3860 Mommsen.
713 3825 740 3876 p.
760 3810 810 3861 nst
828 3808 877 3859 ult.

375 3897 473 3947 senten.
492 3904 614 3944 HETBOL.
634 3907 668 3946 11.
1106 3884 1126 3946 2
