3534 4400
759 406 945 448 Pensrnrto.
1288 400 1312 447 V

394 551 469 602 recte
483 543 604 600 intellexi
620 559 650 599 ea
667 557 736 615 qnae
750 559 800 617 per
814 541 921 599 litteras
937 542 1095 615 scripsit-
1106 540 1209 598 invenit
1222 541 1311 615 ipsum

394 629 461 686 illud
479 628 595 685 Venetae
617 626 746 684 editionis
764 626 917 701 exemplum
934 626 1061 682 Politiani
1081 628 1153 681 notis
1173 625 1312 682 nobilissi-

394 731 484 782 mum,
505 721 588 786 atque
608 711 671 768 inde
691 728 738 767 eas
759 727 855 767 omnes
871 710 1027 785 descripsit.
1064 708 1139 777 Quod
1161 710 1314 785 exemplum

396 797 523 871 qnoniam
537 798 580 852 vir
594 798 845 870 praestantissimus
865 804 923 852 tum
944 812 1005 851 cum
1022 794 1054 850 ad
1071 811 1112 850 me
1130 796 1241 868 scripsit
1256 812 1310 852 non

394 882 423 937 in
440 881 563 937 manibus
579 880 690 949 babuit,
706 880 903 937 dubitationem
925 879 978 937 sibi
999 879 1118 953 relinqui
1140 878 1313 951 significavit,

394 984 428 1021 an
442 965 594 1022 Politianus
613 984 639 1039 p.
656 964 707 1036 52,
722 965 760 1022 19
777 966 891 1021 baberet
905 964 1001 1023 ‘0000
1011 964 1065 1023 CB
1079 963 1162 1037 pedes
1177 963 1251 1032 bae’‚
1266 962 1312 1018 ubi

393 1051 422 1105 in
436 1050 539 1105 Veneta
554 1049 686 1123 leguntur
701 1049 747 1104 ‘ll
760 1049 793 1104 ll.
804 1049 833 1104 C.
855 1050 949 1124 pedes.
977 1050 1048 1105 hae'.
1086 1047 1200 1103 Omnino
1222 1055 1313 1103 autem

394 1151 458 1191 curn
476 1133 603 1190 Politiani
630 1141 714 1190 notae
737 1136 800 1190 usui
823 1150 884 1191 esse
909 1150 964 1190 non
985 1140 1100 1208 possent
1117 1132 1175 1189 sine
1193 1130 1311 1187 Venetae

394 1218 614 1293 comparatione,
635 1218 718 1278 buius
738 1220 894 1275 varietatem
915 1218 1015 1291 ubique
1039 1215 1171 1291 adscripsi
1189 1212 1265 1291 (Vc),
1284 1224 1314 1270 et

393 1311 536 1377 praeterea
555 1302 666 1359 distinxi
686 1302 814 1359 Politiani
835 1304 998 1377 scripturam
1021 1302 1091 1375 apud
1107 1301 1256 1357 Gesnerum
1273 1309 1314 1355 at·

395 1404 448 1459 que
468 1388 543 1443 illam
563 1405 642 1460 quam
657 1386 761 1444 lleilius
775 1388 809 1443 ad
824 1404 867 1443 me
881 1386 956 1443 misit
976 1388 1048 1443 notis
1064 1386 1098 1440 l't
1112 1392 1138 1441 et
1154 1376 1198 1441 Pk.
1234 1384 1314 1439 lleni-

395 1488 448 1543 que
468 1472 593 1527 adnotavi
614 1474 712 1541 ctiam,
733 1472 780 1529 nbi
802 1489 873 1546 opus
894 1487 955 1527 esse
976 1472 1129 1540 videretur,
1149 1469 1312 1543 scripturam

394 1555 508 1611 Gesneri
533 1563 561 1610 et
586 1556 743 1612 Schneideri
771 1556 836 1627 (Ge,
861 1557 935 1623 Sol,
967 1571 1117 1628 eorumque
1148 1568 1312 1610 consensum

393 1639 499 1713 uolgo).
517 1670 554 1679 -
571 1639 600 1695 P.
617 1639 668 1711 52,
686 1637 731 1695 11²
749 1641 782 1695 ad
803 1656 854 1695 seo
875 1643 947 1711 quid
964 1640 1046 1697 aliud
1067 1638 1118 1709 (sic
1136 1638 1207 1701 enim
1223 1651 1315 1690 emen-

394 1724 512 1780 dandam
533 1740 595 1777 esse
622 1723 716 1778 censui
742 1722 876 1778 librorum
903 1723 1066 1796 scripturam
1088 1726 1116 1775 si
1136 1720 1207 1792 quid
1221 1717 1314 1789 uliud)

395 1807 469 1863 conl.
485 1806 541 1861 Cic.
559 1806 592 1860 de
608 1824 631 1861 r.
645 1825 674 1880 p.
692 1807 722 1878 1,
739 1807 789 1879 17,
805 1807 860 1863 29:
884 1815 918 1863 ut
933 1807 1006 1863 midi
1019 1806 1149 1861 Platonis
1162 1804 1247 1873 illud,
1263 1818 1315 1858 seu

394 1896 460 1964 quis
476 1892 555 1946 dicit
571 1892 656 1959 alios,
670 1892 844 1965 perelegans
860 1907 920 1947 esse
935 1893 1082 1947 videntur.

461 1974 531 2030 111.
562 1974 591 2029 ln
611 1976 779 2033 recensendo
801 1975 965 2033 Columellae
987 1974 1048 2033 loco
1070 1976 1117 2049 qui
1138 1982 1179 2029 est
1200 1974 1233 2028 de
1254 1974 1312 2046 agri

394 2060 530 2116 mensuris
545 2060 726 2131 gratissimam
742 2077 853 2133 operam
873 2061 940 2115 milri
960 2062 1065 2117 navavit
1080 2063 1110 2115 Α.
1125 2057 1260 2114 Nauclius
1281 2056 1313 2112 ad

394 2150 478 2218 caput
492 2143 502 2198 l
516 2142 579 2198 libri
595 2142 615 2196 V
630 2160 662 2200 er
677 2144 770 2201 codice
785 2145 849 2202 olim
870 2144 1111 2219 Sangermanensi‚
1133 2159 1206 2200 nnnc
1219 2141 1313 2197 Petro·

394 2228 518 2302 politano
538 2228 597 2285 207
614 2230 686 2284 varia
710 2232 845 2304 scriptura
866 2231 1075 2304 diligentissime
1097 2229 1235 2284 adnotata.
1269 2226 1314 2281 Sic
1381 2289 1390 2300 ι

395 2312 512 2384 contigit
533 2321 564 2368 nt
585 2314 656 2369 lranc
673 2317 794 2386 quamvis
815 2315 939 2386 exiguam
956 2312 1121 2370 columellae
1138 2311 1231 2386 operis
1250 2327 1314 2384 par·

395 2395 505 2452 ticulam
518 2414 550 2452 er
562 2397 738 2453 vetustissimi
756 2399 829 2454 illius
841 2399 904 2454 libri
920 2400 1084 2456 auctoritate
1099 2397 1179 2452 edere
1194 2411 1313 2468 possem.

396 2479 469 2547 Quae
490 2483 512 2536 si
528 2482 589 2553 quis
606 2498 665 2536 cum
682 2481 839 2537 Sclrneideri
856 2482 975 2537 editione
996 2480 1162 2548 contulerit,
1184 2479 1227 2532 vix
1248 2494 1314 2532 eun·

396 2566 455 2620 dem
470 2565 633 2637 scriptorem
653 2564 698 2618 bic
712 2571 794 2637 atque
810 2563 866 2619 illic
879 2564 936 2634 legi
953 2565 1031 2618 dicat.
1065 2563 1209 2616 Praeterea
1225 2567 1315 2615 autem

396 2651 512 2722 cognovi
530 2648 677 2705 editionem
692 2648 842 2722 principem
858 2646 997 2717 Venetam,
1016 2662 1086 2720 quae
1102 2643 1211 2700 lensoni
1224 2643 1315 2700 studio

394 2733 498 2807 prodiit
513 2729 606 2808 (supra
621 2733 682 2787 adn.
698 2731 742 2804 1),
759 2733 846 2789 multo
861 2731 978 2806 propius
995 2731 1091 2788 abesse
1106 2729 1140 2786 ab
1156 2727 1205 2784 illo
1220 2729 1315 2784 Petro·

395 2816 518 2891 politouo
534 2815 606 2871 libro
623 2833 703 2889 qnam
718 2818 854 2890 volgatam
867 2817 1024 2894 Sclrnpideri
1042 2817 1214 2890 scripturam.
1241 2813 1314 2885 Ergo

394 2901 451 2956 illis
469 2901 588 2973 vulgatis
607 2899 747 2956 erroribus
765 2901 874 2958 omissis
890 2910 1000 2975 praeter
1017 2899 1253 2973 Petropolitanum
1269 2915 1315 2953 co·

395 2985 481 3041 dicem
498 2983 542 3056 (S)
557 2984 638 3040 buius
653 2990 759 3039 tantum
775 2985 901 3042 editionis
917 2985 1049 3041 rationem
1067 2985 1149 3040 habui
1165 2983 1240 3058 (Ve),
1259 2999 1314 3056 qno

394 3069 470 3126 lacto
491 3068 571 3124 simul
587 3068 613 3123 id
632 3077 773 3125 assecutus
787 3087 864 3139 sum,
881 3070 1057 3133 utPolitiani
1075 3077 1154 3125 notas
1173 3067 1315 3121 el'loreu·

394 3154 454 3209 tino
474 3153 591 3228 quodam
616 3153 709 3208 codice
731 3162 873 3227 excerptas
894 3151 933 3229 (P)
957 3153 1109 3210 adscribere
1131 3167 1250 3224 possem.
1285 3150 1314 3204 ln

394 3239 469 3295 varia
489 3237 688 3311 Petropolitani
712 3241 849 3311 scriptura
871 3241 893 3294 si
915 3255 984 3311 quae
1006 3239 1121 3294 cursivis
1147 3235 1247 3292 litteris
1270 3252 1315 3290 cn·
1378 3244 1382 3250 ’
1409 3305 1413 3312 ,

395 3323 495 3395 pressi,
512 3338 542 3378 ea
559 3323 585 3376 in
600 3337 696 3378 rasura
711 3324 802 3396 posita
818 3330 890 3378 sunt.
907 3353 948 3362 ·—
963 3323 991 3378 P.
1009 3321 1060 3391 54,
1078 3322 1117 3379 10
1132 3328 1197 3394 post
1211 3335 1316 3392 passos

394 3405 530 3462 librorum
545 3406 644 3462 ductus
661 3408 741 3462 variis
758 3407 847 3462 modis
868 3406 991 3480 corrupti
1014 3414 1093 3474 sunt3
1119 3406 1166 3461 scd
1181 3405 1317 3477 genuinae

395 3492 549 3563 scripturae
570 3490 685 3562 vestigia
705 3493 822 3547 servavit
843 3492 871 3546 S.
909 3491 974 3546 Nam
991 3490 1064 3564 quod
1081 3506 1113 3545 ex
1133 3490 1186 3546 hoc
1204 3489 1316 3544 affertur

395 3583 466 3629 soret
485 3591 634 3645 campum,
651 3574 715 3630 olim
730 3575 783 3632 luit
800 3577 997 3644 enarraturi,
1017 3575 1043 3630 id
1060 3581 1150 3630 autern
1165 3573 1243 3629 lacilc
1261 3570 1316 3627 sol·

394 3661 470 3715 nitur
484 3661 512 3715 in
528 3667 595 3714 sunt
612 3675 647 3714 eo
663 3659 767 3733 nolitia)
781 3659 909 3733 plednm)
930 3660 953 3715 V
967 3657 1050 3730 (conl.
1066 3659 1229 3732 scripturam
1245 3654 1318 3709 Vati·

397 3743 457 3799 cani
473 3761 501 3817 p.
517 3743 568 3814 58,
584 3740 645 3819 27).
656 3775 694 3784 -
704 3743 733 3800 P.
746 3744 798 3816 54,
815 3745 854 3801 19
867 3761 1020 3816 possumus
1035 3743 1072 3800 ita
1090 3745 1151 3816 quis
1166 3741 1238 3797 tueri
1252 3752 1317 3811 pos·
