3534 4400
357 374 434 457 [111]
701 353 934 472 111111111111..
1191 434 1195 439 ,
1231 373 1271 438 67
1305 444 1310 450 .

355 544 495 588 nummus
510 525 578 587 locu
593 526 710 594 mercis,
727 531 759 585 ut
774 542 855 585 nunc
871 523 1067 585 tetrachmum
1080 532 1110 587 ct
1120 526 1272 598 drachma,
1339 542 1344 553 ·

354 626 530 688 habebatur.
555 623 635 708 [46.]
653 625 791 687 denarius
811 626 908 704 prime
930 643 1011 686 asses
1029 625 1132 696 decem
1147 628 1270 700 valebat,

354 728 446 789 uude‘
460 727 504 789 et'
517 744 626 787 nornen
646 728 751 795 traxit;
783 728 935 806 quinarius
958 726 1112 788 dimidium
1135 730 1212 797 eius,
1242 729 1292 789 id·

354 835 400 889 est
427 830 556 908 quinque
584 845 679 897 asses,
709 826 788 888 unde
816 836 845 887 et
866 828 931 906 ipse
952 835 1090 897 vocatum
1119 831 1272 896 sestertius

352 929 429 990 ducs
450 946 533 989 asses
555 936 584 989 et
605 929 772 996 semissem,
795 930 879 1008 quasi
902 930 992 989 semis
1015 930 1133 999 tertius,
1157 930 1306 991 Graeculi

349 1030 447 1106 figura
471 1027 610 1108 ἕβδομον
632 1026 866 1105 ἡμιτάλαντον,
890 1046 959 1089 nem
981 1046 1033 1091 sex
1056 1029 1164 1091 talenta
1183 1039 1212 1092 et
1226 1049 1273 1097 sc-

350 1129 537 1193 mitalentum
560 1148 595 1191 ec
617 1127 709 1190 verbo
731 1129 915 1207 significant3
938 1127 986 1191 lex
1009 1133 1095 1191 etiam
1116 1131 1272 1194 duodecim

351 1230 520 1309 tabularum
543 1238 719 1309 argumento
742 1238 800 1299 est,
824 1231 854 1290 iu
877 1250 944 1309 qua·
958 1232 1015 1292 duc
1030 1232 1122 1311 pedes
1138 1241 1167 1293 et
1181 1234 1272 1295 semis
1374 1232 1382 1241 ’

348 1333 504 1393 sestertius
526 1348 581 1411 pes
601 1338 732 1417 vocatur.
757 1329 837 1411 [47]
862 1349 942 1393 nuuc
964 1332 1104 1393 denarius
1124 1315 1204 1402 XVI,
1230 1336 1272 1393 vi-

349 1434 495 1494 ctoriatus
521 1440 550 1494 et
572 1432 724 1511 quinarius
746 1432 823 1502 vill,
853 1435 1008 1494 sestertius
1029 1442 1170 1513 quattuor
1191 1452 1272 1514 asses
1291 1439 1324 1487 10

347 1533 437 1595 valet.
988 1557 991 1562 ·

416 1682 500 1767 [48]
523 1684 603 1746 lnlra
621 1703 721 1766 „quum
749 1684 922 1744 divisionem
949 1685 1082 1763 sequitur
1104 1684 1161 1745 alia
1183 1703 1272 1763 quae·

347 1788 418 1848 dam
442 1785 619 1854 subdivum,
642 1794 728 1846 notas
751 1802 844 1863 aeque
868 1793 898 1844 et
919 1786 1039 1864 propria
1061 1785 1204 1847 vocabula
1219 1786 1271 1862 ha·

346 1869 436 1949 ben's.
477 1904 569 1965 quare
592 1888 616 1946 si
636 1885 675 1949 ¹ad
699 1886 853 1947 denarium
875 1885 1021 1947 rationem
1044 1888 1199 1954 coniicias,
1223 1905 1269 1948 as·

346 2008 413 2051 sem
444 1988 500 2048 hac
529 1976 597 2047 nota
626 1987 739 2049 scribas
767 2006 801 2047 ac
830 2004 932 2048 voces:
968 1990 1121 2049 semuncia
1143 1988 1272 2050 sicilicus
1292 1990 1324 2040 15

345 2086 469 2157 Χξ);
499 2088 667 2150 semunciae
697 2089 773 2148 enim
803 2086 932 2149 sedecim
961 2096 990 2149 et
1012 2089 1114 2150 sicilici
1143 2090 1272 2152 sedecim

347 2211 449 2254 assem
467 2190 607 2252 efficiunt.
633 2185 714 2271 [49]
732 2188 917 2268 dupundium
939 2190 995 2252 hac
1016 2202 1085 2252 ncta
1107 2191 1220 2253 scribas
1237 2210 1272 2252 ac

346 2311 452 2356 voces:
477 2294 628 2353 sescuncia
645 2284 674 2355 ll
690 2286 772 2359 Σ-;
796 2308 864 2351 nam
887 2290 1014 2352 sedecim
1030 2294 1201 2355 sescunciae
1217 2294 1271 2353 du·

346 2393 496 2475 pundium
520 2393 659 2454 efficiunt.
684 2387 766 2472 [50]
790 2393 891 2452 tressis
913 2393 970 2452 bac
997 2402 1068 2453 ncta
1096 2393 1209 2454 scribas
1237 2412 1272 2453 11

345 2513 451 2558 vcces:
488 2501 607 2556 sextans
632 2491 761 2554 sicilicus
782 2488 897 2559 ※Z);
927 2511 1019 2582 aeque
1042 2494 1120 2553 enim
1143 2494 1271 2554 sedecim
1290 2498 1324 2546 20

345 2602 501 2658 sextantes
523 2595 704 2672 totidemque
727 2592 831 2654 sicilici
853 2600 915 2652 tres
936 2610 1016 2653 asses
1031 2592 1170 2654 efficiunt.
1188 2590 1270 2673 [51]
1329 2628 1331 2631 v

346 2685 528 2777 quattrussis
543 2695 599 2756 hae
615 2684 684 2756 'ricta
700 2692 814 2765 scribas
830 2710 991 2773 vocesque:
1008 2692 1156 2773 quadrans
1166 2691 1270 2762 ※:-;

346 2799 480 2861 sedecim
509 2799 587 2858 eninr
616 2795 793 2876 quadrantes
821 2796 998 2873 quattrussis
1021 2796 1162 2858 efficiunt.
1188 2793 1270 2876 [52]

346 2903 497 2980 quinques
524 2897 580 2958 hac
609 2904 679 2959 uota
707 2895 820 2957 scribas
848 2914 1011 2976 vocesque:
1045 2897 1195 2977 quadrans
1223 2916 1270 2958 se·

346 3001 467 3062 muncia
491 2998 618 3060 sicilicus
638 2993 828 3066 lez-zm
852 3015 922 3059 nam
942 2997 1072 3083 sedecim
1089 2999 1269 3077 quadrantes
1288 3004 1321 3053 25

347 3121 380 3163 ac
418 3100 541 3162 tetidem
575 3102 745 3187 semunciae
777 3091 938 3178 sicilici'quc
972 3100 1082 3161 iaciunt
1113 3101 1268 3179 quinques.

348 3199 432 3282 [53]
456 3202 535 3263 sexis
562 3201 618 3261 hac
641 3208 710 3262 nuta
733 3199 847 3262 scribas
870 3202 1079 3279 nominesque:
1109 3201 1201 3263 triens
1224 3218 1269 3260 se·

347 3299 467 3365 muncia
490 3298 656 3382 *2:23
686 3320 780 3383 aeque
803 3302 880 3363 enim
904 3302 1028 3363 trientes
1050 3311 1079 3362 et
1101 3303 1270 3363 semunciae

348 3405 480 3466 sedecies
510 3404 589 3464 ducti
616 3405 694 3464 sexis
723 3403 864 3466 efficiunt.
889 3399 970 3484 [54]
994 3411 1095 3483 septus
1120 3403 1177 3464 hac
1199 3413 1269 3463 unta

351 3557 545 3566 *κα-
566 3559 571 3564 .

419 3663 443 3708 1.
468 3656 701 3708 betradrachmum
725 3657 769 3707 Bd'
791 3661 820 3706 11
842 3655 902 3713 Me;
930 3657 979 3706 aed
999 3657 1041 3707 hic
1062 3672 1128 3706 nunc
1147 3657 1270 3720 praefert
1314 3643 1318 3646 ⁵

352 3741 536 3794 tetrachmum
554 3757 609 3792 cum
628 3741 649 3792 C

1070 3821 1161 3888 5⁸.
