3534 4400
460 450 470 455 -
503 404 523 468 8
825 420 1070 463 asonnoonunn
1086 422 1119 461 ru

504 565 570 620 artis
586 577 652 617 snae
666 562 785 634 primum
799 558 983 615 intermisisse
1003 574 1055 615 neo
1077 557 1225 631 quidquam
1245 556 1318 613 aliud
1339 574 1422 631 quam

503 646 568 703 belli
590 645 709 719 gloriam
727 645 909 716 cogitavisse,
936 642 984 698 sed
1004 649 1151 716 postquam
1176 642 1298 697 bostium
1320 649 1422 698 terram

445 746 449 749 ’
504 732 639 788 exercitus
655 731 807 798 intraverit,
823 728 910 783 varias
925 743 1068 783 mensuras
1082 725 1115 783 ad
1131 725 1232 783 bellum
1244 726 1359 783 maxime
1374 742 1423 783 ne·

503 816 637 873 cessarias
652 812 798 887 exigendas
813 811 915 883 luisse,
935 828 990 885 quo
1014 810 1088 868 iacto
1103 828 1133 868 se
1153 812 1288 867 rationem
1305 829 1358 884 qua
1374 826 1422 868 eae

503 915 648 957 mensurae
669 898 768 953 fierent
789 896 950 969 religiosius
971 895 1064 952 colere
1085 897 1212 969 coepisse
1227 896 1377 969 statimque
1392 903 1422 951 nt

1498 818 1500 951 l

503 987 655 1059 imperator
668 982 783 1038 victoria
799 988 941 1054 reportata
956 981 1047 1055 ipsum
1063 996 1078 1036 e
1093 981 1172 1037 Dacia
1187 980 1332 1049 dimiserit,
1349 980 1422 1036 bunc
1499 986 1500 989 ’

503 1068 603 1126 librum
618 1066 859 1124 consummavisse.

567 1153 639 1208 llaec
655 1150 712 1207 iere
727 1148 828 1208 Balbus
843 1156 872 1206 et
887 1156 1027 1224 praeterea
1048 1150 1100 1205 alia
1116 1150 1226 1204 minime
1241 1148 1422 1222 neglegenda,

505 1253 574 1312 quae
595 1236 668 1309 apud
689 1237 780 1309 ipsum
801 1232 937 1307 legantur.
967 1232 1067 1290 Verum
1088 1248 1140 1307 ego
1162 1232 1214 1289 iam
1235 1248 1368 1307 quaerere
1383 1233 1422 1290 irr-

504 1322 634 1390 stituam,
657 1334 801 1393 quamnam
822 1324 907 1374 artem
929 1317 1047 1375 coluerit
1060 1317 1159 1375 Balbus
1181 1318 1349 1391 eandemque
1364 1316 1422 1374 Cel·
1497 1355 1498 1359 ,

504 1406 569 1463 sus?
598 1405 706 1461 Etenim
727 1420 782 1459 non
797 1400 897 1458 Balbus
912 1401 1002 1458 solnm
1018 1403 1098 1458 istius
1113 1404 1180 1458 artis
1195 1402 1287 1459 studio
1304 1403 1422 1473 bonora-

504 1499 550 1547 tns
565 1489 619 1546 init
634 1488 705 1562 apud
722 1488 930 1561 imperatorem,
953 1486 1001 1542 sed
1015 1485 1138 1544 nobilior
1153 1487 1233 1543 etiam
1249 1486 1363 1557 Celsus,
1384 1488 1422 1541 vir
1477 1556 1482 1563 Ι

505 1590 626 1633 summae
641 1574 669 1628 in
686 1590 717 1629 ea
733 1588 763 1628 re
778 1571 969 1641 auctoritatis,
990 1586 1075 1644 penes
1091 1588 1172 1645 quern
1188 1571 1343 1629 studiorum
1360 1588 1422 1627 sno·

504 1676 564 1715 rum
586 1674 716 1714 summam
739 1671 849 1713 manere
872 1654 968 1712 scribit
988 1654 1105 1724 Balbus,
1128 1654 1302 1729 eundemque
1324 1654 1353 1711 in
1375 1656 1421 1711 bac

503 1751 582 1818 parte
597 1741 746 1817 plurimum
769 1743 842 1796 inter
857 1739 985 1813 aequales
1000 1734 1118 1813 posse⁸).
1154 1739 1242 1808 Quid?
1262 1740 1336 1814 quod
1353 1740 1421 1795 idem

504 1827 599 1883 Celsus
621 1829 834 1881 instrumentum
857 1823 995 1897 quoddum
1019 1825 1154 1880 invenisse
1175 1824 1291 1895 dicitnr,
1316 1841 1372 1899 qno
1393 1841 1421 1880 ca

505 1911 593 1985 spatia
609 1924 710 1982 easque
725 1908 885 1965 altitudines
901 1909 992 1963 metiri
1007 1906 1118 1978 liceret,
1141 1924 1210 1982 quae
1230 1924 1281 1964 nec
1296 1908 1422 1983 passibus

505 2003 553 2052 aut
568 1993 682 2069 perticis
698 1994 769 2065 exigi
783 2008 835 2048 nec
851 1994 961 2047 omnino
976 1988 1043 2047 adiri
1065 1994 1198 2066 possent?
1228 1993 1276 2048 llic
1291 1993 1421 2067 pervenio

506 2079 539 2136 ad
554 2078 581 2134 id
597 2077 672 2151 quod
688 2083 731 2133 est
746 2077 938 2151 gravissimum
954 2077 1084 2133 onmium.
1106 2078 1179 2162 ‘Nam
1195 2079 1247 2133 etsi
1258 2076 1358 2134 Balbus
1374 2093 1421 2134 neo

504 2179 607 2220 nomen
622 2160 697 2218 illius
714 2161 890 2218 instrumenti
905 2160 983 2218 affert
999 2176 1049 2218 nec
1065 2161 1125 2219 eius
1136 2160 1280 2220 adhibendi
1288 2166 1421 2220 rationem

506 2247 637 2305 describit
654 2276 689 2286 —
708 2262 789 2320 quam
805 2244 994 2302 difficultatem
1009 2247 1122 2321 insuper
1136 2254 1219 2321 auget
1230 2247 1312 2305 dubia
1327 2247 1419 2305 verbo·

496 2349 568 2389 rum
584 2325 746 2406 scriptura¹)
765 2360 801 2372 -
818 2337 909 2386 tamen
925 2330 951 2385 id
967 2330 994 2386 in
1011 2347 1066 2404 quo
1088 2334 1231 2388 maximum
1255 2340 1419 2388 momentum

506 2425 550 2473 est
565 2417 633 2473 satis
648 2422 771 2490 apparet.
804 2415 894 2488 Atque
915 2417 1033 2471 animum
1049 2415 1077 2471 id
1092 2418 1234 2472 advertant
1253 2419 1306 2472 iam
1327 2433 1421 2473 omnes

506 2518 623 2575 quorum
639 2501 765 2569 interest,
781 2507 866 2556 artem
884 2498 1014 2572 trianguli
1027 2517 1060 2556 ex
1071 2517 1127 2556 uno
1140 2501 1226 2557 latere
1236 2503 1420 2576 proximisque

505 2586 613 2660 angulis
634 2584 763 2641 metiendi
784 2583 817 2640 ab
833 2585 885 2641 boc
899 2583 978 2640 Celso
993 2584 1120 2641 Romanis
1143 2583 1268 2641 traditam
1284 2602 1347 2642 esse
1361 2603 1419 2644 cen-

505 2670 604 2727 tesimo
620 2670 678 2726 iere
693 2684 764 2727 anno
781 2686 807 2742 p.
824 2667 887 2723 Cbr.
902 2686 929 2723 n.
959 2668 1045 2736 Quam
1060 2668 1093 2725 ad
1108 2677 1194 2726 artem
1211 2669 1418 2744 pervulgandam

505 2754 570 2829 qnid
592 2753 656 2810 olim
677 2752 829 2809 contulerit
848 2751 921 2807 Hero
937 2752 1134 2810 Alexandrinus
1155 2753 1227 2810 libro
1249 2770 1329 2827 quem
1350 2749 1421 2828 περὶ

504 2832 659 2910 διόπτραε
674 2835 802 2910 scripsit,
819 2843 876 2890 tum
892 2837 1031 2909 quomodo
1048 2854 1078 2893 ea
1094 2855 1138 2894 ars
1154 2838 1186 2893 ad
1202 2839 1339 2895 Romanos
1356 2841 1420 2896 satis

504 2921 590 2994 longo
605 2919 749 2977 intervallo
768 2921 923 2990 transierit,
945 2938 1000 2978 non
1021 2937 1111 2978 meum
1127 2930 1168 2978 cst
1184 2922 1313 2980 hocloco
1329 2922 1420 2997 exqui-

503 3069 582 3074 —..-
593 3067 705 3074 -u--·-——

572 3168 599 3231 3)
617 3170 648 3219 P.
668 3169 709 3230 94,
730 3169 754 3218 1.
772 3169 816 3232 91,
834 3171 858 3218 3.
877 3171 903 3220 8.

571 3239 600 3301 4)
618 3237 649 3286 P.
673 3237 720 3298 92,
746 3237 792 3286 13:
822 3243 898 3285 eram
921 3237 1002 3286 dandi
1024 3239 1207 3290 interueniente
1229 3245 1300 3289 certo
1323 3239 1420 3290 itineris

504 3304 590 3369 spatio
609 3305 659 3354 duo
678 3304 780 3368 rigores
797 3305 926 3368 ordinati,
945 3305 1034 3369 quibos
1051 3307 1078 3355 in
1096 3309 1198 3356 tutelam
1215 3307 1369 3358 commeandi
1385 3309 1418 3353 in-

503 3387 567 3437 gens
584 3373 705 3422 vallorum
723 3373 877 3436 adsurgeret
894 3374 980 3422 molis:
998 3374 1044 3423 bos
1062 3376 1161 3424 invento
1179 3381 1223 3424 tuo
1235 3376 1323 3440 operis
1335 3375 1418 3424 deciso

504 3441 541 3490 od
557 3440 638 3489 aciem
653 3446 732 3504 parte
748 3439 903 3502 ferramenti
919 3455 979 3490 usus
997 3443 1128 3505 explicuit.
1164 3441 1211 3492 Sio
1235 3441 1326 3492 locum
1344 3441 1418 3490 resti-

504 3507 559 3557 tuit
575 3506 772 3557 Lachmannus
797 3521 831 3556 ex
853 3505 985 3556 librorum
1009 3508 1147 3573 scriptura
1164 3510 1251 3561 variis
1269 3507 1357 3558 modis
1374 3507 1416 3556 de-

504 3578 630 3641 pravata.
667 3576 758 3640 Atque
788 3576 859 3624 acies
882 3575 979 3638 ubique
1010 3579 1053 3625 est
1081 3575 1220 3627 oculorum
1245 3577 1337 3638 acies,
1366 3588 1418 3624 non

506 3643 647 3693 exercitus
678 3642 821 3703 instrucii3
856 3641 998 3706 significet
1031 3644 1118 3708 igitur
1151 3645 1270 3710 scriptor
1299 3643 1418 3708 dioptrae

503 3725 596 3771 usum,
622 3710 656 3759 od
681 3725 762 3774 quem
784 3709 905 3774 pertinet
929 3709 1013 3760 etiam
1029 3711 1210 3774 ferramentum
1228 3711 1331 3762 ibidem
1349 3725 1417 3762 com-

504 3782 687 3829 memoratum
707 3775 934 3841 (contunderit.
953 3777 981 3827 11
1000 3777 1116 3843 pons).
