3534 4400
464 374 514 441 ..66
760 392 890 437 vonnsn
912 390 1064 434 morani
1309 369 1394 453 [115]

471 546 510 587 ne
539 528 659 605 quintae
687 525 808 605 quidem
833 531 887 603 aut
907 541 1018 585 nomen
1039 523 1194 603 proprium
1217 530 1268 584 aut
1288 531 1392 583 notam

472 626 599 696 habent3
622 628 681 687 iam
696 645 767 687 vero
784 627 885 687 tertias
901 626 1038 694 trientes,
1062 632 1183 702 quartas
1200 623 1390 703 quadrantes,

471 730 548 789 sicut
575 726 771 789 duodecimas·
792 728 896 787 uncias
923 726 1022 785 vocari
1051 733 1203 785 ostensum
1230 733 1284 785 est
1307 720 1392 805 [41]

369 816 372 823 ’
470 829 548 889 inlra
584 829 638 889 has
674 836 791 888 ceterae
826 843 920 904 usque
953 832 1065 886 sextam
1094 824 1241 886 decimam
1270 826 1392 885 nomine

436 930 594 1007 oproprto
623 935 752 1006 notaque
776 934 893 995 carent;
922 926 975 987 sed
997 933 1079 987 sexta
1102 925 1215 987 decima
1239 925 1391 987 semuncia

471 1029 600 1090 sicilicus
628 1027 759 1096 dicetur,
788 1044 857 1089 nam
885 1025 1015 1087 sedecim
1043 1028 1212 1088 semunciae
1233 1033 1299 1086 octo
1321 1034 1393 1086 sont

471 1131 592 1198 unciae,
615 1128 744 1189 sedecim
767 1126 871 1189 sicilici
887 1136 1025 1206 quattuor
1040 1128 1145 1188 unciae
1159 1128 1250 1198 liunt,
1271 1128 1393 1187 iunctae

377 1292 382 1305 ,
471 1230 566 1289 unciis
595 1235 663 1289 octo
691 1246 787 1289 assem
815 1227 955 1308 implent:
988 1230 1113 1308 septima
1141 1228 1255 1289 decima
1283 1228 1394 1288 deinde

390 1402 391 1405 Ἴ
469 1331 625 1390 interiecta
652 1330 773 1389 nomine
800 1335 929 1407 notaque
952 1337 1048 1391 caret:
1079 1338 1181 1390 octava
1204 1328 1323 1409 decima
1339 1344 1394 1387 vo-

419 1434 452 1483 10
471 1429 586 1490 cabitur
609 1429 760 1489 semuncia
782 1428 911 1498 sextula,
935 1447 1004 1490 nam
1026 1430 1083 1490 lrae
1105 1430 1206 1490 decies
1227 1431 1319 1490 octies
1337 1427 1396 1488 dn·

471 1538 535 1592 otae
563 1547 659 1593 assem
687 1530 835 1591 efficiunt:
866 1526 946 1610 [42]
969 1537 1037 1609 post
1065 1530 1118 1591 lias
1140 1530 1300 1591 inleriore's
1322 1545 1395 1607 par·

470 1639 523 1701 tes,
539 1640 663 1710 excepta
685 1627 850 1699 semuncia,
875 1629 990 1691 duabus
1012 1630 1149 1700 sextulis,
1173 1629 1300 1699 sicilico,
1323 1648 1397 1690 sex·

464 1732 547 1803 lule,
570 1732 690 1792 dimidia
713 1731 835 1802 sextula,
858 1731 1011 1809 scriptulo,
1035 1748 1132 1809 neque
1155 1730 1296 1792 vocabula
1319 1743 1397 1809 pro·

438 1865 449 1883 -
469 1834 534 1909 pria
557 1850 655 1913 neque
677 1836 763 1894 notas
785 1832 906 1893 hahent.
927 1829 1001 1913 [43]
1018 1833 1187 1902 centesimo,
1211 1849 1287 1911 quae
1309 1848 1397 1892 com·

390 1936 392 1941 ’
415 1931 550 1992 asmodi
578 1940 629 1992 aut
655 1924 813 1993 usurarum
843 1930 1023 2005 nominead
1046 1940 1156 1994 sortem
1180 1932 1396 2011 applicaretur,

470 2031 595 2092 solebat
608 2032 822 2102 olimsicilico,
846 2033 874 2092 id
891 2033 971 2094 estC
990 2051 1112 2100 averso,
1136 2052 1172 2094 eo
1193 2033 1289 2093 notari
1310 2033 1398 2111 quod

470 2151 538 2192 cum
568 2132 589 2194 C
618 2140 736 2192 centum
771 2133 964 2212 significaret,
1001 2134 1230 2195 convertebatur
1258 2134 1294 2194 ad
1325 2152 1397 2195 eam

447 2252 629 2303 summam,
659 2235 744 2296 cuius
773 2235 934 2295 centesima
956 2234 1054 2294 lutura
1085 2243 1163 2305 erat,
1193 2243 1222 2295 et
1248 2237 1308 2296 sive
1332 2253 1398 2296 una

470 2341 663 2405 convenerat,
698 2353 775 2397 unus
804 2334 947 2404 sicilicus,
981 2336 1041 2396 sive
1070 2335 1187 2413 plures,
1217 2343 1261 2396 tot
1288 2335 1398 2396 sicilici

417 2439 451 2490 20
469 2435 665 2514 ponebantur.
791 2419 792 2422 ¹

535 2535 617 2618 [44]
634 2537 716 2598 Sicut
737 2547 837 2598 autem
860 2537 933 2597 assis
955 2535 1113 2616 appellatio
1136 2536 1173 2597 ad
1195 2555 1298 2598 rerum
1320 2536 1397 2598 soli-

469 2639 574 2698 darum
590 2638 820 2718 hereditatisque
836 2638 936 2706 totius,
957 2638 1059 2698 divisio
1075 2646 1174 2698 aulem
1190 2640 1253 2698 eius
1269 2638 1305 2699 ad
1320 2656 1396 2716 par-

470 2742 543 2799 tium
561 2739 842 2799 demonstrationem
858 2739 1002 2816 pertinet,
1019 2741 1060 2799 ita
1076 2739 1163 2798 etiam
1180 2739 1216 2800 ad
1230 2743 1396 2817 pecuniam

468 2845 653 2899 numeratam
676 2838 820 2908 refertur,
849 2856 925 2917 quae
948 2837 1017 2899 olim
1038 2841 1070 2898 in
1093 2857 1163 2900 aere
1186 2847 1264 2912 erat,
1287 2848 1393 2918 postea

416 2941 449 2991 25
472 2944 501 2998 et
523 2939 554 2998 in
577 2946 699 3016 argento
723 2939 806 2999 leniri
828 2940 926 3018 coepit
947 2941 1004 3009 ita,
1027 2947 1059 3000 ut
1074 2941 1170 3001 omnis
1185 2958 1325 3002 nummus
1341 2959 1393 3002 ar-

468 3049 591 3116 genteus
621 3055 655 3099 ex
688 3056 813 3099 numero
843 3041 920 3100 aeris
938 3048 1122 3119 potestatem
1148 3040 1282 3103 haberet.
1308 3038 1391 3122 [45.]

468 3159 503 3200 eo
519 3141 550 3200 in
567 3135 692 3201 numero
708 3147 776 3200 sunt
797 3139 827 3200 hi
850 3143 983 3218 argentei
1004 3144 1134 3223 nummi:
1157 3141 1313 3212 denarius,
1337 3161 1391 3202 cu-

465 3243 511 3300 ius
534 3251 578 3302 est
599 3249 668 3302 nota
690 3239 729 3310 lt,
754 3241 921 3320 quinarius,
953 3243 1037 3302 cuius
1058 3250 1104 3303 est
1124 3249 1192 3303 nota
1215 3249 1256 3315 ν,
1280 3251 1391 3304 sester-

463 3343 539 3410 tius,
564 3343 647 3402 cuius
670 3349 740 3403 nota
763 3348 808 3402 est
831 3338 891 3407 HS.
926 3343 1096 3404 victoriatus
1118 3345 1197 3404 enim
1214 3357 1301 3405 'nunc
1321 3353 1389 3404 tan·

414 3445 449 3493 30
465 3441 589 3502 tundem
612 3441 689 3505 valet
710 3453 853 3524 quantum
876 3445 1044 3521 quinarius;
1068 3443 1138 3506 olim
1159 3453 1192 3505 ut
1210 3446 1390 3523 peregrinus

532 3646 573 3694 16.
601 3645 711 3698 solebat
736 3646 802 3696 olim
824 3649 886 3698 add.
910 3647 956 3727 Mo
1059 3648 1102 3700 23.
1126 3642 1222 3713 etiam]
1251 3651 1280 3697 et
1304 3645 1389 3698 0an

462 3731 504 3780 30.
524 3725 564 3794 ut]
585 3733 614 3781 at
634 3729 662 3794 0,
682 3745 715 3781 ac
733 3729 778 3780 Bri
