3534 4400
629 416 825 461 scnreroens
847 416 1010 460 nouenos.
1138 472 1142 479 Ι
1234 397 1277 463 25

359 563 465 623 tatum,
487 554 524 610 ita
545 554 627 611 etiam
642 554 794 628 ponderum
810 561 838 611 et
852 570 1041 611 mensurarum
1061 544 1200 612 scientiam
1218 572 1275 612 rer·

359 639 437 695 sibus
460 638 615 695 describere
639 646 735 695 conata
756 646 805 695 est.
842 638 901 707 Quo
925 654 1078 711 exgenere
1100 639 1275 697 adnostram

360 730 480 780 aetatem
504 731 689 797 pervenerunt
709 723 764 779 duo
790 723 925 795 carmina,
954 722 1068 779 alterurn
1092 722 1201 779 brevius
1225 740 1275 782 neo

359 807 413 864 ulla
428 806 562 882 peculiari
583 808 686 863 virtute
699 809 832 881 insigne,
855 806 971 863 alterum
993 808 1060 863 satis
1080 808 1222 881 copiosum
1245 825 1277 865 ac
1301 824 1305 829 ·

356 891 487 949 laudabili
514 898 573 947 arte
599 899 627 948 et
649 891 742 948 studio
765 893 963 966 compositum,
991 892 1100 965 dequo
1123 892 1175 948 iam
1196 890 1276 947 nobis

358 983 398 1031 est
414 975 621 1050 disputandum.

443 1074 577 1145 Nonnulli
597 1083 704 1132 veteres
726 1076 833 1133 codices
853 1093 906 1133 una
920 1092 981 1133 eum
995 1076 1127 1133 Prisciani
1144 1092 1276 1153 gramma·

358 1163 402 1219 tici
419 1162 534 1235 scriptis
546 1159 687 1217 continent
703 1167 810 1217 centum
826 1161 963 1233 sexaginta
981 1160 1038 1217 iere
1049 1165 1145 1230 versus
1160 1160 1192 1217 de
1206 1177 1261 1235 pon

357 1244 470 1302 cleribus
494 1253 521 1301 et
540 1246 692 1316 mensuris,
713 1261 784 1318 quos
800 1253 827 1301 et
841 1260 873 1301 ex
888 1246 947 1321 ipsa
963 1244 1072 1301 illorum
1088 1244 1211 1303 codicum
1228 1263 1274 1302 an-

356 1330 488 1387 ctoritate
503 1336 531 1389 et
546 1331 608 1403 quia
623 1328 790 1385 Priscianum
805 1328 838 1385 de
853 1329 935 1385 simili
952 1338 1114 1403 argumento
1130 1330 1275 1404 scripsisse

357 1417 382 1470 in
397 1413 473 1469 libro
490 1412 523 1469 de
537 1412 634 1487 liguris
652 1429 827 1470 numerorum
845 1413 1073 1483 recordabantur,
1093 1414 1170 1470 multi
1188 1414 1274 1470 eidem

357 1498 538 1573 grammatico
554 1495 675 1553 tribuere
689 1505 896 1554 consueverant.
930 1496 1014 1565 Quam
1031 1499 1188 1573 opinionem
1206 1514 1275 1572 qno·

356 1583 437 1639 modo
456 1580 660 1637 Werusdoriius
683 1598 743 1637 cum
763 1582 876 1655 reliquis
899 1584 1063 1638 testimoniis
1085 1599 1154 1656 quae
1177 1582 1210 1638 de
1229 1600 1275 1638 au-

358 1676 432 1723 ctore
461 1665 589 1722 carminis
610 1665 737 1721 feruutur
762 1664 908 1722 conciliare
934 1666 1086 1738 studuerit,
1114 1682 1275 1739 supervaca-

357 1766 435 1807 neum
463 1757 506 1806 est
527 1750 572 1806 bio
594 1758 735 1824 repetere,
760 1749 887 1822 quoniam
908 1748 961 1806 alio
984 1766 1014 1805 ex
1036 1750 1170 1823 principio
1190 1757 1274 1806 totam

358 1836 549 1909 quaestionem
565 1834 721 1890 ordiendam
737 1849 798 1891 esse
811 1841 887 1890 recte
898 1850 970 1890 nunc
982 1836 1122 1911 cognitum
1134 1834 1273 1891 bibemus.

417 1915 475 1993 lam
492 1935 610 2008 primum
628 1935 776 2006 videamus,
791 1935 857 2008 quid
874 1951 906 1991 ex
920 1935 987 2009 ipsis
1004 1944 1124 1991 veterum
1142 1934 1275 1993 librorum

358 2019 525 2077 testimoniis
537 2019 573 2102 ‚de
589 2020 724 2092 scriptore
740 2020 867 2076 carminis
883 2020 1056 2077 statuendum
1072 2020 1115 2076 sit.
1142 2019 1274 2093 Inscripta

357 2106 373 2160 h
391 2104 407 2160 b

376 2123 389 2161 a
409 2115 463 2246 elic
476 2188 658 2261 ponderibus
672 2187 756 2245 codex
770 2165 911 2245 bobiensis
926 2190 1140 2256 vetustissimus;

420 2296 491 2348 item
508 2290 658 2346 Prisciani
678 2288 750 2345 iiber
772 2290 808 2344 dc
826 2291 1004 2361 ponderibus
1025 2300 1053 2346 et
1073 2296 1214 2348 mensuris
1238 2307 1275 2347 ec

359 2375 565 2448 opechiupni
585 2375 633 2430 nei
651 2373 785 2429 Fnoioni.
824 2374 860 2428 de
878 2376 1058 2447 ponderibus
1080 2385 1106 2432 et
1131 2380 1275 2432 mensuris

360 2460 418 2517 cod.
437 2455 588 2517 Vossianus
610 2459 650 2518 33
671 2458 698 2512 in
713 2456 733 2512 4
749 2456 827 2530 (lleil.
843 2458 875 2514 ad
890 2459 1019 2517 Priscian.
1038 2460 1089 2516 vol.
1106 2461 1128 2516 ll
1144 2479 1170 2534 p.
1186 2459 1274 2532 391);

359 2545 486 2600 similiter
501 2544 586 2601 codex
601 2543 719 2618 Reginae
735 2540 863 2614 Sueoiae,
885 2559 917 2599 ex
936 2559 991 2618 quo
1005 2543 1173 2600 innuamus
1189 2542 1273 2617 (poet.

359 2627 414 2684 Lat
430 2628 565 2685 minzvol.
581 2628 603 2683 ll
620 2646 646 2704 p.
664 2625 738 2698 396)
754 2626 846 2683 alieri:
863 2625 1011 2684 Prisciani
1024 2627 1097 2684 liber
1113 2629 1149 2683 de
1160 2628 1273 2700 ponde-

360 2713 440 2770 ribus
456 2721 485 2768 et
499 2715 642 2768 mensuris
659 2728 696 2767 ec
712 2725 798 2782 opere
813 2709 913 2785 Rufini
926 2703 973 2768 e'ei
985 2712 1128 2783 Furiam,-

428 2814 535 2871 Versus
549 2813 697 2870 Prisciani
713 2817 902 2887 prammntici
919 2815 955 2870 de
967 2815 1072 2888 fipuris
1089 2803 1274 2871 numerorum

363 2907 388 2955 et
398 2898 563 2971 ponderum
585 2897 771 2972 Sangallensis
791 2895 852 2953 817
873 2895 1008 2969 (Schenkl.
1031 2917 1058 2972 p.
1075 2898 1115 2957 59
1139 2915 1274 2958 commen·

312 2981 315 2986 ’
360 2984 419 3040 tarii
434 2983 506 3040 inira
522 2983 548 3039 in
564 2979 778 3057 adn.2oitati);
1288 3035 1291 3039 .

314 3057 322 3072 ⁸
362 3117 369 3129 .
387 3143 390 3148 Ι
421 3075 505 3131 Remi
515 3074 622 3131 Fucini
635 3075 671 3130 de
684 3075 864 3146 ponderibus
876 3080 904 3129 et
915 3077 1055 3130 mensuris
1066 3075 1125 3132 cod.
1137 3073 1274 3132 Guelferb.

361 3157 496 3216 Gudianus
513 3158 553 3217 64
569 3160 597 3215 ἰιι
612 3157 643 3230 4,
661 3177 676 3216 a
691 3159 771 3218 nobis
782 3160 909 3232 collatus,
924 3160 989 3215 item
1001 3159 1150 3216 Vossianus
1163 3157 1202 3214 12
1214 3160 1242 3214 iu
1255 3158 1273 3216 8
1365 3204 1369 3210 .

362 3241 460 3312 (Hertz.
478 3243 512 3300 ad
525 3243 654 3300 Priscian.
670 3244 748 3301 roll
768 3263 796 3321 p.
812 3241 893 3315 lllll),
914 3243 1095 3301 blorbacensis
1112 3239 1273 3318 (lindlicher.

361 3344 388 3399 p.
403 3323 470 3404 99),
491 3327 662 3385 Monacensis
685 3328 788 3387 18975
810 3328 880 3387 saec'.
896 3327 932 3402 X,
958 3328 1002 3384 alii
1024 3326 1134 3399 (Christ.
1157 3329 1184 3383 in
1206 3327 1272 3384 llus.
1327 3375 1329 3378 .

361 3409 445 3467 iiben.
460 3412 506 3468 XX
523 3430 550 3487 p.
566 3412 632 3486 69);
1262 3461 1265 3468 .

423 3496 504 3554 Remi
517 3497 625 3553 Fucini
637 3491 766 3571 'epistola
788 3499 825 3554 'dc
844 3492 1024 3572 ponderibus
1045 3511 1083 3552 ec
1097 3511 1183 3582 sensu
1198 3500 1274 3552 cius·
1359 3505 1362 3512 ’

364 3579 425 3636 denr
447 3583 523 3639 cleri
540 3588 673 3640 auctoris
691 3585 732 3640 ud
751 3582 951 3656 Symmachum
967 3585 1088 3638 metrico
1108 3586 1173 3638 iure
1188 3583 1274 3636 missu

365 3667 466 3738 incipit
490 3666 550 3726 eod.
577 3666 717 3725 Parisinus
744 3668 825 3726 7498
853 3666 932 3740 (Keil.
959 3667 992 3724 ad
1015 3659 1143 3724 Priscian.
1171 3664 1224 3722 vol.
1252 3664 1274 3720 ll
