3534 4400
365 396 459 479 [126]
532 418 717 460 ux1s1non1
739 420 1012 462 erruoeocmnuu
1033 422 1148 464 crenis.
1236 403 1296 466 117

364 550 529 611 inciditur.
568 551 662 611 emina
685 558 782 611 autem
806 552 947 629 appendit
967 552 1074 613 libram
1094 572 1198 624 uuam,
1221 574 1297 633 quae

365 651 526 728 geminata
547 653 706 711 sextarium
730 652 807 712 iacit.

447 766 475 829 9.
499 768 651 829 Sextarius
679 768 804 829 duarum
832 768 978 831 librarum
1009 780 1062 831 est.
1106 771 1225 851 quibis
1248 773 1296 831 ad·

363 878 516 947 sumptus
551 872 719 931 nominatur
751 868 882 939 bilibris;
920 869 1094 950 adsumptus
1127 878 1231 950 quater
1263 872 1296 931 dt

364 971 495 1031 Graeco
516 974 637 1033 nomine
653 970 772 1040 ‘sconiam
798 972 953 1051 quinquies
976 972 1156 1051 conplicatus
1173 970 1330 1049 †quina·5

364 1090 444 1132 rem
469 1074 529 1133 sive
551 1090 656 1149 gomor
678 1072 755 1133 facit,
801 1074 882 1133 adice
905 1078 1036 1142 sextum,
1066 1076 1203 1150 congium
1227 1074 1295 1133 red·

367 1172 430 1234 dit.
477 1190 545 1233 uam
575 1174 698 1249 congius
727 1182 777 1233 sex
808 1175 929 1233 metitur
955 1176 1104 1244 sextario,
1136 1193 1150 1234 a
1180 1194 1238 1253 quo
1266 1184 1296 1235 et

366 1274 499 1335 sextarii
522 1292 631 1333 nomen
655 1275 808 1334 dederuut.

445 1388 497 1453 10.
521 1392 650 1469 Congius
672 1398 769 1451 autem
793 1410 808 1451 a
833 1392 1009 1477 congiendo,
1030 1393 1060 1452 id
1083 1400 1128 1453 est
1148 1411 1202 1473 per
1224 1412 1296 1471 aug·

367 1500 513 1555 mentum
542 1493 717 1563 crescendo,
751 1502 881 1555 vocatur.
933 1493 1012 1553 unde
1040 1501 1140 1573 postea
1169 1495 1295 1572 pecunia
1315 1496 1348 1545 10

367 1595 518 1657 beneficii
546 1595 637 1671 gratia
668 1593 730 1653 dari
764 1588 865 1672 coepta
900 1595 1083 1669 congiarium
1117 1594 1293 1673 appeliatum

370 1705 431 1759 est.
472 1695 674 1773 unusquisque
697 1696 774 1754 enim
798 1695 842 1753 sui
865 1696 1007 1772 temporis
1029 1696 1193 1772 imperator
1214 1695 1295 1754 favo·

368 1816 441 1859 rem
467 1794 569 1876 populi
593 1802 714 1872 captans
737 1793 891 1865 adiciebat,
914 1802 947 1854 ut
969 1793 1079 1871 largior¹
1093 1794 1242 1855 videretur
1260 1813 1294 1854 ex

370 1900 475 1959 donis,
606 1906 608 1911 '

444 1996 707 2073 nstongianom
732 2006 829 2058 autem
853 1997 1019 2075 specialiter
1041 2014 1179 2056 mensura
1202 2005 1246 2056 est
1260 1996 1295 2056 li·
1315 1997 1347 2047 15

372 2100 552 2180 quidemn,
584 2099 666 2158 ouius
689 2105 717 2156 et
739 2116 801 2157 rem
825 2098 911 2157 simul
936 2105 965 2157 et
985 2116 1094 2159 nomen
1117 2117 1132 2158 a
1156 2097 1296 2159 Romanis
1358 2116 1362 2120 ·

370 2202 553 2282 impositum
576 2201 751 2258 invenimus

445 2315 497 2380 12.
520 2317 642 2378 Metreta
659 2324 702 2375 est
717 2334 854 2376 mensura
870 2317 1061 2393 liquidorum.
1093 2317 1166 2377 haec
1181 2335 1197 2376 a
1214 2335 1296 2377 men-

371 2439 447 2482 sura
472 2420 586 2499 accepit
608 2436 731 2486 nomeu,
759 2415 877 2492 μέτρον
901 2417 977 2475 enim
1001 2421 1171 2477 me'nsuram
1194 2417 1296 2476 dicunt

374 2521 502 2588 Graeci,
534 2526 562 2579 et
589 2519 656 2579 inde
687 2516 830 2595 appellata
860 2524 1000 2583 metreta,
1030 2516 1097 2576 licet
1119 2523 1149 2575 et
1170 2534 1243 2575 urna
1268 2523 1297 2575 et
1315 2518 1348 2566 20
1383 2569 1387 2582 ,

373 2622 523 2701 amphora
554 2627 582 2678 et
609 2618 722 2697 reliqua
751 2618 919 2680 huiusmodi
947 2618 1064 2676 nomina
1088 2633 1294 2676 mensurarum

450 2895 475 2940 1.
493 2897 554 2954 poet
570 2887 703 2938 inciditur
720 2887 769 2936 BG
786 2890 847 2940 odd.
867 2892 896 2936 et
915 2861 1034 2947 cotsslam
1055 2857 1187 2951 (eotpyalam
1207 2887 1237 2952 0)
1257 2889 1297 2938 fa·
1325 2892 1327 2899 ’

375 2979 416 3026 cit
490 2973 629 3038 adpendet
646 2971 686 3033 B,
706 2971 878 3036 adpenditO
963 2974 988 3020 3.
1008 2971 1161 3022 Sextarium
1181 2973 1234 3022 AB

376 3060 470 3126 quiuis
489 3055 525 3107 B¹
595 3058 620 3106 o.
640 3071 722 3119 greco
741 3056 765 3104 A
836 3057 920 3105 cenix
937 3054 1070 3105 biedodet
1088 3056 1119 3118 03
1144 3060 1198 3122 tege
1216 3056 1298 3106 choe-

375 3147 424 3196 nix
489 3137 642 3206 quinarem]
662 3142 733 3190 immo
752 3140 908 3204 quinarium
978 3141 1002 3188 7.
1022 3141 1168 3205 coniugiue
1185 3138 1230 3201 8¹,
1250 3155 1298 3190 co-

377 3231 454 3294 gium
473 3223 512 3275 Β*
581 3225 718 3276 sextarius
737 3231 764 3300 et
780 3224 812 3273 ob
831 3224 920 3273 eadem
941 3238 1015 3272 manu
1033 3239 1102 3273 corr.
1122 3222 1251 3272 sextariis
1270 3223 1295 3272 Α

376 3349 401 3399 9.
421 3344 558 3410 Congium
577 3343 646 3404 Ado,
666 3307 767 3410 corigig
785 3343 811 3392 B
883 3342 917 3392 ed
936 3327 1128 3408 eopgiendoB
1182 3341 1221 3391 11.
1235 3357 1296 3405 gre·

377 3427 430 3494 tia]
451 3425 572 3492 grilslls!
585 3427 615 3476 B
672 3433 754 3491 cepte
772 3429 796 3476 A
869 3429 910 3478 12.
928 3425 1051 3474 laborem
1070 3427 1104 3483 A,
1124 3425 1249 3474 faborem
1268 3423 1297 3476 0¹

379 3497 591 3581 13.lerguorC¹
645 3512 673 3560 in
687 3511 765 3560 donis
777 3511 839 3561 BCo
909 3494 1202 3578 15.001j1gipiariumB
1255 3508 1297 3559 17.

378 3597 530 3663 inpositum
542 3596 590 3646 Be
660 3596 699 3647 18.
717 3595 834 3645 Metrum
847 3594 925 3646 ABG
991 3597 1031 3648 19.
1051 3591 1157 3658 eooipll
1168 3592 1189 3643 0
1256 3590 1300 3655 μέ-

378 3679 462 3746 τρον]
483 3685 570 3732 metro
589 3679 676 3730 ABC²
744 3682 786 3730 20.
806 3680 884 3744 greci
901 3680 927 3728 A
998 3684 1027 3728 et
1040 3687 1101 3744 poet
1118 3679 1188 3728 licet
1204 3693 1252 3728 om.
1270 3677 1297 3727 B

442 3765 541 3814 anfora
558 3763 621 3828 AB,
641 3763 747 3814 omfora
767 3764 789 3814 0

1133 3844 1157 3890 ὀ
