3534 4400
478 400 539 465 146
562 421 654 465 canvr
665 418 780 462 vanarn
792 420 981 463 ammarum
996 418 1290 461 sumammuannu.
1314 395 1387 482 [141]

543 553 591 615 17.
616 552 694 615 Chus
720 570 791 613 rerc
820 553 1014 612 sextariorum
1043 559 1229 613 restarumve
1257 570 1309 613 sea
1333 560 1390 622 cst;

477 655 610 734 pondere
632 662 729 715 autem
752 655 812 713 riui
834 652 976 733 [quatuor
996 652 1037 731 et]
1059 652 1163 713 decem
1178 652 1322 714 librarum
1339 662 1389 724 est,

477 755 534 817 clei
562 775 683 825 navem,
715 754 811 816 mallis
840 756 971 833 quiaque
1000 762 1029 815 et
1057 753 1171 815 decem.
1215 762 1285 815 sunt
1314 756 1390 817 cuim

479 858 622 937 cuiusque
644 858 785 918 materiae
808 873 1014 916 mensurarum
1030 856 1162 933 paudere
1177 838 1324 935 plurimae
1340 856 1392 917 dii·

445 958 631 1021 tierentiae.

544 1057 593 1121 18.
622 1059 737 1138 Piperis
769 1059 856 1118 uncia
884 1057 991 1118 baccas
1019 1076 1162 1119 cocccsre
1190 1078 1243 1119 seu
1272 1056 1393 1137 granula

479 1163 641 1239 quingenta
663 1159 765 1228 habet,
788 1157 862 1219 libra
885 1177 956 1219 vern
978 1160 1109 1239 quinque
1131 1158 1251 1221 milena.
1486 1241 1487 1248 ἵ

545 1258 594 1321 19.
618 1261 773 1322 Praeterea
795 1276 834 1321 ne
854 1262 884 1319 in
901 1262 979 1321 uatis
993 1260 1121 1338 signisve
1137 1260 1394 1322 characteribusre
1486 1251 1487 1256 ’

480 1369 644 1433 erraretur,
673 1364 756 1441 signa
784 1364 928 1440 cuiusque
955 1362 998 1423 sic
1020 1362 1208 1441 digessimus.
1251 1361 1393 1423 talentum

430 1478 462 1529 10
479 1484 533 1545 per
559 1463 606 1524 tal
631 1471 764 1532 notatur,
794 1481 861 1524 mna
891 1480 946 1541 per
972 1481 1036 1533 mn,
1066 1462 1143 1523 libra
1162 1481 1219 1541 'per
1241 1464 1278 1543 li,
1308 1464 1393 1523 uncia
1487 1455 1489 1492 ³

479 1585 534 1647 per
561 1584 617 1635 aa,
647 1565 787 1627 drachma
815 1582 869 1643 per
897 1564 1011 1634 draca,
1041 1565 1104 1625 cius
1127 1565 1281 1625 dimidium
1303 1563 1392 1625 serai-
1487 1629 1488 1650 χ

480 1668 589 1737 drach,
613 1686 751 1729 mensura
775 1676 928 1729 metrcnvc
942 1684 996 1745 per
1011 1672 1096 1736 metr,
1119 1665 1225 1727 chalus
1240 1684 1295 1744 per
1311 1664 1391 1733 abal,
1487 1745 1488 1752 ἵ

481 1771 539 1830 duc
567 1770 646 1830 oboli
674 1767 793 1837 diobol,
828 1776 889 1829 tres
917 1765 1043 1837 artabat,
1077 1769 1207 1846 quinque
1231 1766 1391 1846 perstabat,

481 1870 631 1931 dimidium
654 1870 733 1930 oboli
755 1868 923 1939 tentabat,
947 1867 1068 1930 chalcus
1090 1887 1144 1948 per
1167 1867 1252 1939 adal,
1277 1872 1328 1949 qui
1350 1877 1392 1931 est

428 1970 558 2033 150bai1
580 1990 649 2049 pars
672 1978 782 2032 octava.

541 2069 592 2131 20.
617 2072 814 2131 Numercrum
838 2081 867 2131 et
889 2078 976 2131 notae
999 2079 1027 2132 et
1049 2089 1257 2132 mensurarum
1281 2072 1391 2133 addeu-

477 2183 535 2240 tur,
560 2173 704 2233 sextarius
727 2178 859 2233 restesre
879 2179 1033 2250 peraret,
1058 2173 1154 2236 catula
1169 2192 1223 2254 per
1240 2182 1299 2244 cot,
1322 2192 1391 2236 cua·
1489 2189 1491 2209 ¹

478 2276 546 2336 thus
569 2275 725 2354 cyathusve
748 2292 801 2353 per
825 2277 979 2371 cuat'sive
1002 2275 1104 2354 cyatd.

548 2482 587 2530 10.
608 2482 639 2530 de
658 2483 724 2530 notis
741 2480 781 2530 tal
800 2488 825 2530 et
843 2487 891 2533 cet.
910 2482 967 2530 aide
982 2483 1052 2544 prat,
1071 2481 1086 2541 ξ
1105 2482 1158 2529 123
1177 2486 1246 2532 extr.
1351 2480 1389 2529 18.

478 2568 504 2614 in
518 2567 570 2628 sine
590 2564 679 2614 Caicus
697 2567 851 2630 adscripsit:
881 2566 1070 2615 ‘Numercrum
1088 2580 1154 2613 uero
1172 2569 1253 2615 notas
1272 2580 1326 2613 nnn
1345 2562 1390 2612 ad-

480 2649 610 2713 didimus,
630 2649 694 2713 quia
713 2651 824 2700 codices
842 2651 930 2739 nostri
948 2665 1000 2700 non
1018 2644 1193 2698 habuerant)
