3534 4400
786 407 1023 459 rnonneounun
1046 410 1079 451 ru

624 553 718 604 octava
736 553 779 603 est
801 545 909 617 caicus,
931 546 977 617 qui
998 545 1057 618 ipse
1077 545 1132 602 duo
1155 542 1270 621 granula
1291 544 1397 603 ciceris

817 630 937 703 pendere
953 624 1087 701 dicitur⁸).

535 718 565 773 ln
580 717 631 773 bac
645 714 753 785 tabula,
774 716 846 771 sicut
863 713 936 770 inira
956 712 1160 786 adnotavimus,
1183 712 1291 787 singula
1307 730 1396 787 quae·

471 817 525 877 que
540 808 666 858 accurate
680 800 845 857 conveniunt
860 814 922 855 cum
934 797 1088 855 rationibus
1103 795 1136 854 ab
1152 798 1256 855 isidoro
1272 798 1395 867 traditis,

470 888 526 943 nisi
547 885 622 959 quod
642 882 690 939 ffle
705 882 843 939 dimidiam
865 880 1128 969 sertulam'omittit.
1160 882 1214 939 iam
1235 883 1259 937 si
1281 884 1396 956 quaeri·

471 988 541 1040 mus,
557 978 618 1025 uter
636 969 733 1024 horum
749 966 917 1040 scriptorum
933 965 1019 1022 altero
1036 984 1103 1023 usus
1117 969 1154 1023 sit
1168 965 1286 1039 ideoque
1301 965 1395 1024 attero

405 1114 409 1119 ,
471 1057 508 1111 sit
522 1053 676 1128 posterior,
694 1050 918 1125 comparantibus
936 1066 1043 1107 omnem
1064 1050 1161 1119 isidori
1177 1051 1205 1106 in
1225 1050 1303 1107 libris
1325 1068 1396 1107 con·

471 1136 622 1195 scribendis
642 1137 775 1193 rationem
792 1135 1055 1209 reputantibusque,
1077 1135 1303 1209 quemadmodum
1319 1135 1396 1192 idem

470 1223 504 1279 de
527 1220 663 1283 mensuris
690 1237 721 1277 ao
746 1219 915 1294 ponderibus
940 1218 1063 1277 scribens
1091 1221 1179 1276 varios
1209 1221 1396 1277 vetustiorum

470 1313 614 1363 auctorum
631 1303 716 1361 libros
732 1302 930 1378 compilaverit,
942 1303 984 1359 vir
999 1319 1032 1360 ac
1046 1319 1084 1360 ne
1094 1305 1137 1359 vir
1152 1304 1261 1377 quidem
1277 1304 1396 1361 dubium

470 1406 531 1446 esse
563 1397 671 1464 potest,
701 1390 821 1462 quinon
846 1387 899 1444 hoc
925 1389 1044 1445 carmine
1072 1405 1149 1445 suam
1170 1388 1321 1445 doctrinam
1344 1388 1410 1445 de·-

469 1474 639 1549 prompserit
652 1472 790 1540 Isidorus,
807 1473 918 1528 minime
935 1488 999 1528 vero
1014 1471 1048 1529 ab
1064 1472 1170 1529 Isidoro
1186 1471 1230 1529 hie
1244 1481 1335 1546 poeta.

529 1558 552 1612 Α
568 1555 674 1632 vulgari
685 1557 868 1614 Romanorum
884 1558 996 1613 ratione·
1005 1556 1110 1613 diversa
1125 1564 1190 1613 sunt
1202 1556 1273 1630 apud
1286 1565 1396 1613 utrum·

470 1659 524 1717 que
539 1643 701 1716 scriptorem
720 1639 857 1713 calcus,
879 1649 978 1714 quarta
999 1658 1063 1714 pars
1086 1639 1176 1713 oboli,
1200 1648 1228 1696 et
1247 1650 1395 1699 cerates

469 1728 525 1785 sive
547 1728 704 1785 ceratim.
737 1727 827 1800 Atque
842 1726 893 1783 hae
909 1725 1017 1800 quidem
1034 1724 1163 1782 barbarae
1183 1733 1249 1782 sunt
1268 1724 1396 1800 appelia-

470 1811 574 1880 tiones,
593 1816 632 1866 en
653 1805 801 1883 κεράτιον
825 1810 1000 1884 depravatae;
1030 1809 1079 1866 sed
1099 1810 1127 1865 hi
1151 1810 1300 1883 scriptores
1327 1826 1394 1867 curu

469 1895 579 1951 nomine
593 1896 675 1950 etiam
690 1910 748 1949 rem
763 1896 990 1963 immutaverunt,
1006 1892 1173 1967 semioboio,
1188 1910 1245 1951 non
1260 1893 1394 1969 siliquae,

470 1985 589 2035 ceratem
607 1986 763 2051 aequantes.

644 2142 684 2191 De
701 2146 788 2191 vetere
806 2140 948 2207 Epiphanii
964 2143 1204 2220 nerstoae'Latt'rra.

395 2257 452 2318 120
535 2245 660 2303 Veterem
682 2264 763 2321 quarn
780 2246 874 2304 dicunt
895 2248 1040 2322 Epiphanii
1055 2251 1209 2306 versionem
1226 2252 1254 2306 in
1272 2249 1394 2307 Franco·

470 2349 531 2388 rum
547 2348 633 2404 reguo
649 2333 778 2405 scriptam
794 2347 856 2388 esse
878 2332 980 2390 iudicat
998 2333 1179 2390 biommseuus
1187 2327 1218 2406 ¹).
1255 2335 1309 2392 Iam
1326 2353 1393 2392 cum

470 2416 563 2473 eadem
584 2416 711 2472 versione
734 2417 792 2473 siue
813 2416 896 2474 dubio
918 2433 984 2474 usus
1000 2419 1037 2474 sit
1052 2418 1190 2489 isidorus,
1213 2419 1284 2493 apud
1307 2436 1392 2494 quern

470 2501 551 2558 verba
566 2501 603 2558 od
620 2505 706 2560 initio
721 2518 789 2559 oero
806 2510 833 2558 et
848 2516 918 2576 quae
934 2511 1090 2576 sequuntur
1105 2519 1160 2560 uon
1173 2503 1280 2561 diversa
1295 2504 1393 2578 iegan·

470 2599 515 2644 tur
533 2585 567 2643 ab
584 2585 633 2645 iilo
650 2579 782 2645 contextu
793 2580 831 2660 ²),
861 2587 929 2644 satis
955 2597 1014 2644 arte
1034 2585 1108 2644 iilius
1130 2585 1289 2664 interpretis
1313 2597 1392 2646 aetas

469 2671 702 2729 circumscribitur
723 2673 817 2746 priore
833 2672 935 2729 saeculi
951 2673 1020 2728 serti
1039 2681 1132 2745 parte,
1154 2673 1206 2730 nisi
1228 2673 1300 2730 torte
1322 2690 1393 2730 enu-

469 2756 531 2812 dem
545 2757 597 2812 iam
614 2757 711 2829 quinto
726 2754 851 2826 saeculo,
876 2755 926 2812 scd
944 2771 977 2813 eo
997 2758 1058 2830 ipso
1080 2765 1219 2828 extremo,
1243 2759 1392 2831 scripsisse

471 2837 645 2894 existimabis.

533 2919 635 2988 Quodsi
657 2922 728 2980 iranc
747 2923 898 2979 versionem
911 2915 981 2981 'cum
1003 2927 1082 2982 variis
1105 2924 1159 2983 iliis
1178 2925 1272 2984 Graeci
1295 2927 1391 3000 operis
1411 2965 1418 2974 -

471 3004 567 3062 iormis
584 3021 653 3079 quae
672 3023 755 3081 supra
776 3007 864 3064 editae
882 3017 951 3065 sunt
968 3026 1174 3084 comparamus,
1198 3011 1278 3068 facile
1299 3010 1392 3068 elucet

537 3222 564 3285 8)
582 3223 655 3274 lbid.
673 3223 698 3271 8.
1062 3227 1064 3232 '
1237 3225 1242 3236 '

538 3289 563 3352 1)
585 3291 615 3344 V.
635 3290 669 3340 od
688 3289 783 3340 Volus.
800 3290 893 3342 Maec.
912 3308 938 3357 p.
957 3294 1007 3344 286
1026 3289 1165 3357 (Abbondt.
1182 3295 1208 3348 d.
1221 3293 1311 3344 Sd'cbs.
1328 3294 1389 3344 Ges.

469 3359 494 3407 d.
514 3357 593 3409 Wies.
606 3358 648 3408 111
662 3356 753 3420 1853):
772 3359 821 3408 Die
833 3357 933 3423 Scbrr‘st
944 3361 1036 3424 peddrt
1054 3363 1080 3411 in
1098 3363 1169 3412 ihrer
1181 3361 1391 3427 jetzipensorm

469 3425 573 3486 injece
595 3425 779 3489 meremordtpe
803 3426 882 3477 Beibe
905 3429 1068 3478 lateinbcber
1090 3429 1298 3494 Bearbeitunpea
1318 3429 1390 3495 prie-

469 3492 596 3554 eltiseber,
615 3493 757 3544 benonderr
768 3495 1010 3546 alexandriniseter
1021 3495 1154 3560 Schriften
1171 3498 1204 3546 im
1219 3496 1391 3560 sra‘nitivcden

469 3559 563 3610 Reicbe
584 3562 631 3610 wie
659 3563 706 3611 der
728 3560 864 3612 Barbarus
885 3562 1027 3628 Scaiiperi,
1056 3564 1098 3614 die
1120 3564 1317 3630 Oosrnoprapbie
1340 3581 1391 3616 oon

469 3626 591 3677 Ravenna
607 3631 661 3679 und
676 3629 793 3678 monebes
810 3631 907 3680 andere
925 3629 1013 3680 siuet.
1078 3653 1102 3672 v·

536 3694 564 3757 2)
587 3694 657 3747 Sunt
678 3697 707 3745 hi
732 3695 788 3746 loci
811 3696 882 3747 alter
905 3699 1042 3749 versionis
1065 3685 1185 3750 Latinos
1204 3700 1219 3761 ὅ
1238 3703 1284 3764 30,
1317 3699 1392 3752 alter

469 3760 570 3812 Isidori
589 3763 662 3829 apud
680 3778 731 3815 nos
749 3761 783 3814 ir.
804 3766 853 3815 125
871 3765 886 3827 5
905 3767 946 3820 14.
1037 3811 1038 3814 ,
