<?xml version="1.0" encoding="UTF-8"?>
<!DOCTYPE html PUBLIC "-//W3C//DTD XHTML 1.0 Transitional//EN"
    "http://www.w3.org/TR/xhtml1/DTD/xhtml1-transitional.dtd">
<html xmlns="http://www.w3.org/1999/xhtml" xml:lang="en" lang="en">
 <head>
  <title>
</title>
<meta http-equiv="Content-Type" content="text/html;charset=utf-8" />
  <meta name='ocr-system' content='tesseract 3.04.00' />
  <meta name='ocr-capabilities' content='ocr_page ocr_carea ocr_par ocr_line ocrx_word'/>
</head>
<body>
  <div class='ocr_page' id='page_1' title='image "./metrologicorums00hultgoog_0178.png"; bbox 0 0 3534 4400; ppageno 0'>
   <div class='ocr_carea' id='block_1_1' title="bbox 505 393 1412 479">
    <p class='ocr_par' dir='ltr' id='par_1_1' title="bbox 505 393 1412 479">
     <span class='ocr_line' id='line_1_1' title="bbox 505 393 1412 479; baseline -0.002 -25"><span class='ocrx_word' id='word_1_1' title='bbox 505 393 566 455; x_wconf 81' lang='lat'>144</span> <span class='ocrx_word' id='word_1_2' title='bbox 589 415 681 457; x_wconf 80' lang='lat' dir='ltr'>canvr</span> <span class='ocrx_word' id='word_1_3' title='bbox 695 413 809 457; x_wconf 82' lang='lat' dir='ltr'>vanam</span> <span class='ocrx_word' id='word_1_4' title='bbox 823 414 1015 456; x_wconf 76' lang='lat' dir='ltr'>annonarum</span> <span class='ocrx_word' id='word_1_5' title='bbox 1026 414 1324 456; x_wconf 74' lang='lat' dir='ltr'>mnxmoamannm.</span> <span class='ocrx_word' id='word_1_6' title='bbox 1343 393 1412 479; x_wconf 82' lang='lat'>[141]</span> 
     </span>
    </p>
   </div>
   <div class='ocr_carea' id='block_1_2' title="bbox 455 546 1421 2853">
    <p class='ocr_par' dir='ltr' id='par_1_2' title="bbox 455 546 1421 2853">
     <span class='ocr_line' id='line_1_2' title="bbox 505 546 1416 617; baseline 0.002 -10"><span class='ocrx_word' id='word_1_7' title='bbox 505 555 636 608; x_wconf 89' lang='lat' dir='ltr'>terarum</span> <span class='ocrx_word' id='word_1_8' title='bbox 665 547 796 608; x_wconf 88' lang='lat' dir='ltr'>infinitae</span> <span class='ocrx_word' id='word_1_9' title='bbox 824 554 893 607; x_wconf 88' lang='lat' dir='ltr'>sunt</span> <span class='ocrx_word' id='word_1_10' title='bbox 922 546 1117 617; x_wconf 83' lang='lat' dir='ltr'>differentiae,</span> <span class='ocrx_word' id='word_1_11' title='bbox 1147 548 1233 609; x_wconf 92' lang='lat' dir='ltr'>nohis</span> <span class='ocrx_word' id='word_1_12' title='bbox 1255 566 1339 609; x_wconf 86' lang='lat' dir='ltr'>nunc</span> <span class='ocrx_word' id='word_1_13' title='bbox 1359 549 1416 609; x_wconf 84' lang='lat' dir='ltr'>iere</span> 
     </span>
     <span class='ocr_line' id='line_1_3' title="bbox 504 647 992 710; baseline 0 -1"><span class='ocrx_word' id='word_1_14' title='bbox 504 648 574 709; x_wconf 86' lang='lat' dir='ltr'>nihil</span> <span class='ocrx_word' id='word_1_15' title='bbox 598 651 766 710; x_wconf 86' lang='lat' dir='ltr'>necessario</span> <span class='ocrx_word' id='word_1_16' title='bbox 789 647 992 709; x_wconf 81' lang='lat' dir='ltr'>declarandae.</span> 
     </span>
     <span class='ocr_line' id='line_1_4' title="bbox 568 747 1417 821; baseline -0.002 -10"><span class='ocrx_word' id='word_1_17' title='bbox 568 747 597 811; x_wconf 90' lang='lat'>8.</span> <span class='ocrx_word' id='word_1_18' title='bbox 621 749 708 811; x_wconf 90' lang='lat' dir='ltr'>Libra</span> <span class='ocrx_word' id='word_1_19' title='bbox 724 767 793 810; x_wconf 82' lang='lat' dir='ltr'>vero</span> <span class='ocrx_word' id='word_1_20' title='bbox 809 749 964 809; x_wconf 81' lang='lat' dir='ltr'><strong>duodecim</strong></span> <span class='ocrx_word' id='word_1_21' title='bbox 978 751 1082 810; x_wconf 89' lang='lat' dir='ltr'>unoias</span> <span class='ocrx_word' id='word_1_22' title='bbox 1095 749 1194 821; x_wconf 91' lang='lat' dir='ltr'>habet,</span> <span class='ocrx_word' id='word_1_23' title='bbox 1211 751 1300 811; x_wconf 84' lang='lat' dir='ltr'>uncia</span> <span class='ocrx_word' id='word_1_24' title='bbox 1317 750 1417 811; x_wconf 82' lang='lat' dir='ltr'>drach·</span> 
     </span>
     <span class='ocr_line' id='line_1_5' title="bbox 505 851 1419 929; baseline 0 -18"><span class='ocrx_word' id='word_1_25' title='bbox 505 860 662 922; x_wconf 78' lang='lat' dir='ltr'>masocto,</span> <span class='ocrx_word' id='word_1_26' title='bbox 686 852 825 912; x_wconf 82' lang='lat' dir='ltr'>drachma</span> <span class='ocrx_word' id='word_1_27' title='bbox 842 857 1004 928; x_wconf 87' lang='lat' dir='ltr'>grammata</span> <span class='ocrx_word' id='word_1_28' title='bbox 1019 851 1084 920; x_wconf 90' lang='lat' dir='ltr'>tria,</span> <span class='ocrx_word' id='word_1_29' title='bbox 1108 868 1240 929; x_wconf 83' lang='lat' dir='ltr'>gramma</span> <span class='ocrx_word' id='word_1_30' title='bbox 1258 852 1338 921; x_wconf 86' lang='lat' dir='ltr'>dnos</span> <span class='ocrx_word' id='word_1_31' title='bbox 1353 852 1419 911; x_wconf 91' lang='lat' dir='ltr'>obo-</span> 
     </span>
     <span class='ocr_line' id='line_1_6' title="bbox 471 950 1420 1032; baseline 0.002 -21"><span class='ocrx_word' id='word_1_32' title='bbox 471 953 559 1023; x_wconf 84' lang='lat' dir='ltr'>olos‚</span> <span class='ocrx_word' id='word_1_33' title='bbox 583 971 714 1031; x_wconf 85' lang='lat' dir='ltr'>gramma</span> <span class='ocrx_word' id='word_1_34' title='bbox 737 970 840 1012; x_wconf 89' lang='lat' dir='ltr'>rursus</span> <span class='ocrx_word' id='word_1_35' title='bbox 862 950 998 1014; x_wconf 88' lang='lat' dir='ltr'>thermus</span> <span class='ocrx_word' id='word_1_36' title='bbox 1019 952 1175 1032; x_wconf 88' lang='lat' dir='ltr'>lupinosve</span> <span class='ocrx_word' id='word_1_37' title='bbox 1196 962 1268 1024; x_wconf 85' lang='lat' dir='ltr'>tres,</span> <span class='ocrx_word' id='word_1_38' title='bbox 1293 954 1420 1014; x_wconf 90' lang='lat' dir='ltr'>thermas</span> 
     </span>
     <span class='ocr_line' id='line_1_7' title="bbox 505 1052 1211 1133; baseline 0.001 -19"><span class='ocrx_word' id='word_1_39' title='bbox 505 1054 660 1133; x_wconf 84' lang='lat' dir='ltr'>lupinusve</span> <span class='ocrx_word' id='word_1_40' title='bbox 683 1055 793 1114; x_wconf 87' lang='lat' dir='ltr'>ceratia</span> <span class='ocrx_word' id='word_1_41' title='bbox 815 1052 975 1129; x_wconf 83' lang='lat' dir='ltr'>granulave</span> <span class='ocrx_word' id='word_1_42' title='bbox 996 1053 1120 1133; x_wconf 84' lang='lat' dir='ltr'>siliquae</span> <span class='ocrx_word' id='word_1_43' title='bbox 1143 1055 1211 1115; x_wconf 87' lang='lat' dir='ltr'>dno.</span> 
     </span>
     <span class='ocr_line' id='line_1_8' title="bbox 570 1152 1420 1233; baseline 0 -19"><span class='ocrx_word' id='word_1_44' title='bbox 570 1152 598 1219; x_wconf 88' lang='lat'>9.</span> <span class='ocrx_word' id='word_1_45' title='bbox 626 1153 771 1215; x_wconf 88' lang='lat' dir='ltr'>Denarins</span> <span class='ocrx_word' id='word_1_46' title='bbox 803 1162 903 1215; x_wconf 85' lang='lat' dir='ltr'>autem</span> <span class='ocrx_word' id='word_1_47' title='bbox 937 1155 1014 1233; x_wconf 87' lang='lat' dir='ltr'>apud</span> <span class='ocrx_word' id='word_1_48' title='bbox 1044 1155 1194 1218; x_wconf 87' lang='lat' dir='ltr'>Romanos</span> <span class='ocrx_word' id='word_1_49' title='bbox 1223 1157 1367 1218; x_wconf 89' lang='lat' dir='ltr'>dividitur</span> <span class='ocrx_word' id='word_1_50' title='bbox 1394 1158 1420 1214; x_wconf 94' lang='lat' dir='ltr'>in</span> 
     </span>
     <span class='ocr_line' id='line_1_9' title="bbox 455 1255 1420 1337; baseline -0.001 -22"><span class='ocrx_word' id='word_1_51' title='bbox 455 1256 457 1259; x_wconf 79' lang='grc'><strong>’</strong></span> <span class='ocrx_word' id='word_1_52' title='bbox 507 1264 606 1335; x_wconf 87' lang='lat' dir='ltr'>partes</span> <span class='ocrx_word' id='word_1_53' title='bbox 627 1255 751 1317; x_wconf 85' lang='lat' dir='ltr'>mitanas</span> <span class='ocrx_word' id='word_1_54' title='bbox 774 1268 914 1317; x_wconf 84' lang='lat' dir='ltr'>centenas</span> <span class='ocrx_word' id='word_1_55' title='bbox 937 1256 1010 1317; x_wconf 91' lang='lat' dir='ltr'>duas</span> <span class='ocrx_word' id='word_1_56' title='bbox 1032 1265 1062 1318; x_wconf 88' lang='lat' dir='ltr'>et</span> <span class='ocrx_word' id='word_1_57' title='bbox 1083 1259 1314 1337; x_wconf 86' lang='lat' dir='ltr'>quinquaginta;</span> <span class='ocrx_word' id='word_1_58' title='bbox 1338 1256 1420 1317; x_wconf 87' lang='lat' dir='ltr'>habet</span> 
     </span>
     <span class='ocr_line' id='line_1_10' title="bbox 508 1341 1421 1437; baseline 0 -20"><span class='ocrx_word' id='word_1_59' title='bbox 508 1359 587 1417; x_wconf 90' lang='lat' dir='ltr'>enim</span> <span class='ocrx_word' id='word_1_60' title='bbox 616 1360 745 1437; x_wconf 86' lang='lat' dir='ltr'>tropaica</span> <span class='ocrx_word' id='word_1_61' title='bbox 776 1358 834 1417; x_wconf 91' lang='lat' dir='ltr'>dno</span> <span class='ocrx_word' id='word_1_62' title='bbox 857 1360 1045 1436; x_wconf 88' lang='lat' dir='ltr'>quinariosve</span> <span class='ocrx_word' id='word_1_63' title='bbox 1068 1358 1156 1434; x_wconf 76' lang='lat' dir='ltr'>duoS,</span> <span class='ocrx_word' id='word_1_64' title='bbox 1174 1341 1297 1420; x_wconf 55' lang='lat' dir='ltr'>⁸numos</span> <span class='ocrx_word' id='word_1_65' title='bbox 1320 1364 1421 1419; x_wconf 87' lang='lat' dir='ltr'>sester-</span> 
     </span>
     <span class='ocr_line' id='line_1_11' title="bbox 457 1461 1419 1537; baseline 0 -21"><span class='ocrx_word' id='word_1_66' title='bbox 457 1468 490 1516; x_wconf 90' lang='lat'>10</span> <span class='ocrx_word' id='word_1_67' title='bbox 507 1462 600 1519; x_wconf 89' lang='lat' dir='ltr'>tiosve</span> <span class='ocrx_word' id='word_1_68' title='bbox 623 1467 757 1537; x_wconf 87' lang='lat' dir='ltr'>quatuor,</span> <span class='ocrx_word' id='word_1_69' title='bbox 780 1461 890 1520; x_wconf 81' lang='lat' dir='ltr'>assarta</span> <span class='ocrx_word' id='word_1_70' title='bbox 912 1476 984 1519; x_wconf 86' lang='lat' dir='ltr'>vero</span> <span class='ocrx_word' id='word_1_71' title='bbox 1007 1479 1061 1521; x_wconf 90' lang='lat' dir='ltr'>seu</span> <span class='ocrx_word' id='word_1_72' title='bbox 1083 1478 1163 1521; x_wconf 88' lang='lat' dir='ltr'>asses</span> <span class='ocrx_word' id='word_1_73' title='bbox 1184 1479 1235 1521; x_wconf 81' lang='lat' dir='ltr'>sex</span> <span class='ocrx_word' id='word_1_74' title='bbox 1259 1471 1291 1524; x_wconf 90' lang='lat' dir='ltr'>et</span> <span class='ocrx_word' id='word_1_75' title='bbox 1314 1462 1419 1521; x_wconf 88' lang='lat' dir='ltr'>decem.</span> 
     </span>
     <span class='ocr_line' id='line_1_12' title="bbox 507 1560 1421 1641; baseline 0 -21"><span class='ocrx_word' id='word_1_76' title='bbox 507 1578 615 1622; x_wconf 89' lang='lat' dir='ltr'>numus</span> <span class='ocrx_word' id='word_1_77' title='bbox 641 1580 712 1623; x_wconf 86' lang='lat' dir='ltr'>vero</span> <span class='ocrx_word' id='word_1_78' title='bbox 734 1561 867 1641; x_wconf 90' lang='lat' dir='ltr'>pondere</span> <span class='ocrx_word' id='word_1_79' title='bbox 890 1562 1006 1620; x_wconf 83' lang='lat' dir='ltr'>unciam</span> <span class='ocrx_word' id='word_1_80' title='bbox 1029 1560 1127 1621; x_wconf 88' lang='lat' dir='ltr'>hahet.</span> <span class='ocrx_word' id='word_1_81' title='bbox 1173 1564 1308 1623; x_wconf 87' lang='lat' dir='ltr'>assarion</span> <span class='ocrx_word' id='word_1_82' title='bbox 1331 1569 1421 1622; x_wconf 87' lang='lat' dir='ltr'>antem</span> 
     </span>
     <span class='ocr_line' id='line_1_13' title="bbox 508 1662 1420 1741; baseline -0.002 -18"><span class='ocrx_word' id='word_1_83' title='bbox 508 1664 617 1724; x_wconf 79' lang='lat' dir='ltr'>assisto</span> <span class='ocrx_word' id='word_1_84' title='bbox 639 1681 692 1724; x_wconf 90' lang='lat' dir='ltr'>seu</span> <span class='ocrx_word' id='word_1_85' title='bbox 714 1682 746 1724; x_wconf 91' lang='lat' dir='ltr'>as</span> <span class='ocrx_word' id='word_1_86' title='bbox 769 1662 907 1723; x_wconf 88' lang='lat' dir='ltr'>dividitur</span> <span class='ocrx_word' id='word_1_87' title='bbox 928 1663 960 1721; x_wconf 89' lang='lat' dir='ltr'>in</span> <span class='ocrx_word' id='word_1_88' title='bbox 982 1662 1151 1733; x_wconf 90' lang='lat' dir='ltr'>dimidium,</span> <span class='ocrx_word' id='word_1_89' title='bbox 1173 1665 1316 1732; x_wconf 90' lang='lat' dir='ltr'>tertium,</span> <span class='ocrx_word' id='word_1_90' title='bbox 1341 1680 1420 1741; x_wconf 87' lang='lat' dir='ltr'>qnar-</span> 
     </span>
     <span class='ocr_line' id='line_1_14' title="bbox 509 1764 1420 1835; baseline -0.004 -11"><span class='ocrx_word' id='word_1_91' title='bbox 509 1774 586 1833; x_wconf 87' lang='lat' dir='ltr'>tum‚</span> <span class='ocrx_word' id='word_1_92' title='bbox 618 1773 748 1833; x_wconf 85' lang='lat' dir='ltr'>sextum,</span> <span class='ocrx_word' id='word_1_93' title='bbox 773 1772 923 1832; x_wconf 82' lang='lat' dir='ltr'>octavum,</span> <span class='ocrx_word' id='word_1_94' title='bbox 947 1780 1074 1834; x_wconf 90' lang='lat' dir='ltr'>nonum,</span> <span class='ocrx_word' id='word_1_95' title='bbox 1098 1764 1263 1835; x_wconf 87' lang='lat' dir='ltr'>decimum,</span> <span class='ocrx_word' id='word_1_96' title='bbox 1288 1764 1420 1826; x_wconf 87' lang='lat' dir='ltr'>duodeci·</span> 
     </span>
     <span class='ocr_line' id='line_1_15' title="bbox 509 1866 1418 1945; baseline -0.004 -20"><span class='ocrx_word' id='word_1_97' title='bbox 509 1884 600 1934; x_wconf 87' lang='lat' dir='ltr'>mum,</span> <span class='ocrx_word' id='word_1_98' title='bbox 620 1873 761 1944; x_wconf 77' lang='lat' dir='ltr'>quartum</span> <span class='ocrx_word' id='word_1_99' title='bbox 785 1873 814 1926; x_wconf 87' lang='lat' dir='ltr'>et</span> <span class='ocrx_word' id='word_1_100' title='bbox 835 1866 1020 1943; x_wconf 78' lang='lat' dir='ltr'>vigesImum,</span> <span class='ocrx_word' id='word_1_101' title='bbox 1044 1873 1159 1925; x_wconf 84' lang='lat' dir='ltr'>sextum</span> <span class='ocrx_word' id='word_1_102' title='bbox 1182 1875 1211 1926; x_wconf 90' lang='lat' dir='ltr'>et</span> <span class='ocrx_word' id='word_1_103' title='bbox 1232 1867 1418 1945; x_wconf 84' lang='lat' dir='ltr'>trigesimum,</span> 
     </span>
     <span class='ocr_line' id='line_1_16' title="bbox 459 1965 1420 2047; baseline -0.002 -22"><span class='ocrx_word' id='word_1_104' title='bbox 459 1975 491 2025; x_wconf 87' lang='lat'>15</span> <span class='ocrx_word' id='word_1_105' title='bbox 509 1974 644 2026; x_wconf 84' lang='lat' dir='ltr'>octavum</span> <span class='ocrx_word' id='word_1_106' title='bbox 669 1977 698 2027; x_wconf 86' lang='lat' dir='ltr'>et</span> <span class='ocrx_word' id='word_1_107' title='bbox 720 1966 987 2046; x_wconf 83' lang='lat' dir='ltr'>quadragesimum,</span> <span class='ocrx_word' id='word_1_108' title='bbox 1010 1967 1173 2027; x_wconf 87' lang='lat' dir='ltr'>secundum</span> <span class='ocrx_word' id='word_1_109' title='bbox 1196 1973 1224 2027; x_wconf 88' lang='lat' dir='ltr'>et</span> <span class='ocrx_word' id='word_1_110' title='bbox 1242 1965 1420 2047; x_wconf 86' lang='lat' dir='ltr'>septuagesi-</span> 
     </span>
     <span class='ocr_line' id='line_1_17' title="bbox 509 2067 1419 2146; baseline 0 -21"><span class='ocrx_word' id='word_1_111' title='bbox 509 2084 600 2126; x_wconf 92' lang='lat' dir='ltr'>mum.</span> <span class='ocrx_word' id='word_1_112' title='bbox 645 2075 744 2146; x_wconf 87' lang='lat' dir='ltr'>partes</span> <span class='ocrx_word' id='word_1_113' title='bbox 767 2076 865 2128; x_wconf 91' lang='lat' dir='ltr'>autem</span> <span class='ocrx_word' id='word_1_114' title='bbox 887 2068 942 2128; x_wconf 91' lang='lat' dir='ltr'>hae</span> <span class='ocrx_word' id='word_1_115' title='bbox 965 2068 1042 2145; x_wconf 87' lang='lat' dir='ltr'>apud</span> <span class='ocrx_word' id='word_1_116' title='bbox 1064 2067 1213 2129; x_wconf 86' lang='lat' dir='ltr'>Romanos</span> <span class='ocrx_word' id='word_1_117' title='bbox 1235 2070 1419 2130; x_wconf 78' lang='lat' dir='ltr'>ratiocinato-</span> 
     </span>
     <span class='ocr_line' id='line_1_18' title="bbox 509 2167 1029 2230; baseline 0.004 -2"><span class='ocrx_word' id='word_1_118' title='bbox 509 2186 558 2229; x_wconf 87' lang='lat' dir='ltr'>res</span> <span class='ocrx_word' id='word_1_119' title='bbox 581 2184 649 2228; x_wconf 89' lang='lat' dir='ltr'>suas</span> <span class='ocrx_word' id='word_1_120' title='bbox 671 2167 782 2230; x_wconf 90' lang='lat' dir='ltr'>hahent</span> <span class='ocrx_word' id='word_1_121' title='bbox 804 2168 1029 2230; x_wconf 77' lang='lat' dir='ltr'>nominationes,</span> 
     </span>
     <span class='ocr_line' id='line_1_19' title="bbox 576 2267 1419 2352; baseline -0.004 -22"><span class='ocrx_word' id='word_1_122' title='bbox 576 2267 624 2331; x_wconf 86' lang='lat'>10.</span> <span class='ocrx_word' id='word_1_123' title='bbox 654 2271 712 2332; x_wconf 87' lang='lat' dir='ltr'>Sed</span> <span class='ocrx_word' id='word_1_124' title='bbox 743 2288 822 2331; x_wconf 86' lang='lat' dir='ltr'>nuno</span> <span class='ocrx_word' id='word_1_125' title='bbox 853 2271 890 2331; x_wconf 87' lang='lat' dir='ltr'>de</span> <span class='ocrx_word' id='word_1_126' title='bbox 918 2273 1076 2332; x_wconf 88' lang='lat' dir='ltr'>mensuris.</span> <span class='ocrx_word' id='word_1_127' title='bbox 1125 2272 1279 2352; x_wconf 80' lang='lat' dir='ltr'>Amphora</span> <span class='ocrx_word' id='word_1_128' title='bbox 1310 2270 1419 2351; x_wconf 87' lang='lat' dir='ltr'>quidem</span> 
     </span>
     <span class='ocr_line' id='line_1_20' title="bbox 511 2372 1420 2452; baseline -0.003 -21"><span class='ocrx_word' id='word_1_129' title='bbox 511 2373 582 2442; x_wconf 88' lang='lat' dir='ltr'>vini,</span> <span class='ocrx_word' id='word_1_130' title='bbox 614 2391 701 2452; x_wconf 92' lang='lat' dir='ltr'>qnam</span> <span class='ocrx_word' id='word_1_131' title='bbox 728 2372 848 2452; x_wconf 86' lang='lat' dir='ltr'>plurimi</span> <span class='ocrx_word' id='word_1_132' title='bbox 876 2379 1021 2434; x_wconf 88' lang='lat' dir='ltr'>metreten</span> <span class='ocrx_word' id='word_1_133' title='bbox 1049 2373 1163 2443; x_wconf 86' lang='lat' dir='ltr'>dicunt,</span> <span class='ocrx_word' id='word_1_134' title='bbox 1193 2374 1420 2452; x_wconf 89' lang='lat' dir='ltr'>semiamphoras</span> 
     </span>
     <span class='ocr_line' id='line_1_21' title="bbox 460 2475 1418 2554; baseline 0.005 -22"><span class='ocrx_word' id='word_1_135' title='bbox 460 2484 493 2533; x_wconf 80' lang='lat'>20</span> <span class='ocrx_word' id='word_1_136' title='bbox 511 2475 601 2536; x_wconf 89' lang='lat' dir='ltr'>hahet</span> <span class='ocrx_word' id='word_1_137' title='bbox 633 2476 720 2547; x_wconf 90' lang='lat' dir='ltr'>duas,</span> <span class='ocrx_word' id='word_1_138' title='bbox 756 2492 828 2554; x_wconf 88' lang='lat' dir='ltr'>quas</span> <span class='ocrx_word' id='word_1_139' title='bbox 861 2475 1011 2535; x_wconf 87' lang='lat' dir='ltr'>communi</span> <span class='ocrx_word' id='word_1_140' title='bbox 1040 2477 1161 2535; x_wconf 91' lang='lat' dir='ltr'>nomine</span> <span class='ocrx_word' id='word_1_141' title='bbox 1192 2475 1281 2536; x_wconf 90' lang='lat' dir='ltr'>oados</span> <span class='ocrx_word' id='word_1_142' title='bbox 1314 2479 1418 2537; x_wconf 83' lang='lat' dir='ltr'>vooant</span> 
     </span>
     <span class='ocr_line' id='line_1_22' title="bbox 511 2575 1419 2656; baseline -0.011 -18"><span class='ocrx_word' id='word_1_143' title='bbox 511 2596 602 2638; x_wconf 89' lang='lat' dir='ltr'>urnas</span> <span class='ocrx_word' id='word_1_144' title='bbox 631 2585 728 2640; x_wconf 84' lang='lat' dir='ltr'>autem</span> <span class='ocrx_word' id='word_1_145' title='bbox 753 2577 895 2645; x_wconf 90' lang='lat' dir='ltr'>Romani;</span> <span class='ocrx_word' id='word_1_146' title='bbox 926 2575 1057 2656; x_wconf 87' lang='lat' dir='ltr'>proohus</span> <span class='ocrx_word' id='word_1_147' title='bbox 1084 2594 1154 2637; x_wconf 89' lang='lat' dir='ltr'>vero</span> <span class='ocrx_word' id='word_1_148' title='bbox 1183 2576 1419 2655; x_wconf 77' lang='lat' dir='ltr'>quadrantariam</span> 
     </span>
     <span class='ocr_line' id='line_1_23' title="bbox 482 2676 1418 2760; baseline -0.006 -20"><span class='ocrx_word' id='word_1_149' title='bbox 482 2691 488 2702; x_wconf 95' lang='grc'>’</span> <span class='ocrx_word' id='word_1_150' title='bbox 512 2687 653 2760; x_wconf 90' lang='lat' dir='ltr'>quatuor,</span> <span class='ocrx_word' id='word_1_151' title='bbox 685 2679 776 2740; x_wconf 84' lang='lat' dir='ltr'>choas</span> <span class='ocrx_word' id='word_1_152' title='bbox 799 2686 879 2746; x_wconf 91' lang='lat' dir='ltr'>octo,</span> <span class='ocrx_word' id='word_1_153' title='bbox 912 2697 986 2757; x_wconf 90' lang='lat' dir='ltr'>quas</span> <span class='ocrx_word' id='word_1_154' title='bbox 1008 2676 1161 2754; x_wconf 82' lang='lat' dir='ltr'>†dioongia</span> <span class='ocrx_word' id='word_1_155' title='bbox 1183 2680 1352 2748; x_wconf 91' lang='lat' dir='ltr'>nominant,</span> <span class='ocrx_word' id='word_1_156' title='bbox 1374 2689 1418 2734; x_wconf 84' lang='lat' dir='ltr'>nos</span> 
     </span>
     <span class='ocr_line' id='line_1_24' title="bbox 512 2774 1418 2853; baseline -0.004 -12"><span class='ocrx_word' id='word_1_157' title='bbox 512 2790 611 2841; x_wconf 91' lang='lat' dir='ltr'>autem</span> <span class='ocrx_word' id='word_1_158' title='bbox 627 2779 727 2841; x_wconf 87' lang='lat' dir='ltr'>cahus.</span> <span class='ocrx_word' id='word_1_159' title='bbox 766 2779 838 2840; x_wconf 89' lang='lat' dir='ltr'>ohus</span> <span class='ocrx_word' id='word_1_160' title='bbox 860 2797 931 2838; x_wconf 88' lang='lat' dir='ltr'>vero</span> <span class='ocrx_word' id='word_1_161' title='bbox 953 2787 1051 2839; x_wconf 81' lang='lat' dir='ltr'>aestas</span> <span class='ocrx_word' id='word_1_162' title='bbox 1074 2781 1252 2841; x_wconf 80' lang='lat' dir='ltr'>sextariosve</span> <span class='ocrx_word' id='word_1_163' title='bbox 1275 2799 1329 2841; x_wconf 85' lang='lat' dir='ltr'>sex</span> <span class='ocrx_word' id='word_1_164' title='bbox 1352 2774 1418 2853; x_wconf 73' lang='lat' dir='ltr'>capit</span> 
     </span>
    </p>
   </div>
   <div class='ocr_carea' id='block_1_3' title="bbox 512 2865 1486 2961">
    <p class='ocr_par' dir='ltr' id='par_1_3' title="bbox 512 2865 1486 2961">
     <span class='ocr_line' id='line_1_25' title="bbox 512 2865 1486 2961; baseline 0 -21"><span class='ocrx_word' id='word_1_165' title='bbox 512 2915 554 2922; x_wconf 96' lang='lat'><em>-</em></span> <span class='ocrx_word' id='word_1_166' title='bbox 579 2883 738 2941; x_wconf 80' lang='lat' dir='ltr'>sextarium</span> <span class='ocrx_word' id='word_1_167' title='bbox 766 2898 836 2940; x_wconf 89' lang='lat' dir='ltr'>vero</span> <span class='ocrx_word' id='word_1_168' title='bbox 866 2897 918 2941; x_wconf 89' lang='lat' dir='ltr'>seu</span> <span class='ocrx_word' id='word_1_169' title='bbox 945 2889 1048 2941; x_wconf 84' lang='lat' dir='ltr'>xesten</span> <span class='ocrx_word' id='word_1_170' title='bbox 1076 2865 1357 2961; x_wconf 75' lang='lat' dir='ltr'>Aegyptiii&#39;henion</span> <span class='ocrx_word' id='word_1_171' title='bbox 1383 2874 1418 2934; x_wconf 83' lang='lat' dir='ltr'>di·</span> <span class='ocrx_word' id='word_1_172' title='bbox 1484 2934 1486 2949; x_wconf 90' lang='grc'>,</span> 
     </span>
    </p>
   </div>
   <div class='ocr_carea' id='block_1_4' title="bbox 462 2981 1417 3364">
    <p class='ocr_par' dir='ltr' id='par_1_4' title="bbox 462 2981 1417 3364">
     <span class='ocr_line' id='line_1_26' title="bbox 462 2981 1417 3062; baseline 0.007 -24"><span class='ocrx_word' id='word_1_173' title='bbox 462 2990 495 3038; x_wconf 80' lang='lat'>25</span> <span class='ocrx_word' id='word_1_174' title='bbox 514 2987 585 3042; x_wconf 85' lang='lat' dir='ltr'>cunt</span> <span class='ocrx_word' id='word_1_175' title='bbox 615 3015 649 3024; x_wconf 93' lang='lat'>—-</span> <span class='ocrx_word' id='word_1_176' title='bbox 680 2983 723 3041; x_wconf 86' lang='lat' dir='ltr'>nti</span> <span class='ocrx_word' id='word_1_177' title='bbox 751 2981 894 3062; x_wconf 77' lang='lat' dir='ltr'>amphora</span> <span class='ocrx_word' id='word_1_178' title='bbox 923 2991 1073 3044; x_wconf 86' lang='lat' dir='ltr'>xestarnm</span> <span class='ocrx_word' id='word_1_179' title='bbox 1101 2984 1335 3045; x_wconf 81' lang='lat' dir='ltr'>sextariorumve</span> <span class='ocrx_word' id='word_1_180' title='bbox 1361 2984 1417 3038; x_wconf 70' lang='lat'>0⁰1⁰</span> 
     </span>
     <span class='ocr_line' id='line_1_27' title="bbox 515 3082 828 3160; baseline -0.003 -18"><span class='ocrx_word' id='word_1_181' title='bbox 515 3090 544 3142; x_wconf 84' lang='lat' dir='ltr'>et</span> <span class='ocrx_word' id='word_1_182' title='bbox 566 3082 757 3160; x_wconf 85' lang='lat' dir='ltr'>qnadraginta</span> <span class='ocrx_word' id='word_1_183' title='bbox 781 3083 828 3142; x_wconf 87' lang='lat' dir='ltr'>sit.</span> 
     </span>
     <span class='ocr_line' id='line_1_28' title="bbox 579 3182 1362 3264; baseline -0.003 -20"><span class='ocrx_word' id='word_1_184' title='bbox 579 3182 627 3244; x_wconf 83' lang='lat' dir='ltr'>ll.</span> <span class='ocrx_word' id='word_1_185' title='bbox 651 3184 790 3264; x_wconf 81' lang='lat' dir='ltr'>Syriacus</span> <span class='ocrx_word' id='word_1_186' title='bbox 813 3202 881 3244; x_wconf 90' lang='lat' dir='ltr'>vero</span> <span class='ocrx_word' id='word_1_187' title='bbox 905 3192 1045 3246; x_wconf 79' lang='lat' dir='ltr'>metretas</span> <span class='ocrx_word' id='word_1_188' title='bbox 1066 3185 1159 3246; x_wconf 83' lang='lat' dir='ltr'>Italici</span> <span class='ocrx_word' id='word_1_189' title='bbox 1181 3186 1288 3264; x_wconf 85' lang='lat' dir='ltr'>duplus</span> <span class='ocrx_word' id='word_1_190' title='bbox 1311 3192 1362 3247; x_wconf 89' lang='lat' dir='ltr'>est.</span> 
     </span>
     <span class='ocr_line' id='line_1_29' title="bbox 579 3283 1417 3364; baseline -0.004 -19"><span class='ocrx_word' id='word_1_191' title='bbox 579 3283 628 3346; x_wconf 79' lang='lat'>12.</span> <span class='ocrx_word' id='word_1_192' title='bbox 652 3286 802 3346; x_wconf 85' lang='lat' dir='ltr'>Sextarius</span> <span class='ocrx_word' id='word_1_193' title='bbox 825 3304 896 3364; x_wconf 85' lang='lat' dir='ltr'>ergo</span> <span class='ocrx_word' id='word_1_194' title='bbox 918 3294 1053 3348; x_wconf 82' lang='lat' dir='ltr'>xastesve</span> <span class='ocrx_word' id='word_1_195' title='bbox 1076 3289 1106 3346; x_wconf 91' lang='lat' dir='ltr'>in</span> <span class='ocrx_word' id='word_1_196' title='bbox 1130 3287 1202 3348; x_wconf 91' lang='lat' dir='ltr'>duas</span> <span class='ocrx_word' id='word_1_197' title='bbox 1223 3287 1323 3350; x_wconf 85' lang='lat' dir='ltr'>lances</span> <span class='ocrx_word' id='word_1_198' title='bbox 1345 3289 1417 3345; x_wconf 88' lang='lat' dir='ltr'>ootu·</span> 
     </span>
    </p>
   </div>
   <div class='ocr_carea' id='block_1_5' title="bbox 515 3516 1417 3842">
    <p class='ocr_par' dir='ltr' id='par_1_5' title="bbox 515 3516 1417 3842">
     <span class='ocr_line' id='line_1_30' title="bbox 566 3516 1417 3576; baseline 0.001 -2"><span class='ocrx_word' id='word_1_199' title='bbox 566 3525 589 3574; x_wconf 82' lang='lat'>5.</span> <span class='ocrx_word' id='word_1_200' title='bbox 608 3525 729 3574; x_wconf 87' lang='lat' dir='ltr'>thermus</span> <span class='ocrx_word' id='word_1_201' title='bbox 748 3530 773 3572; x_wconf 87' lang='lat' dir='ltr'>et</span> <span class='ocrx_word' id='word_1_202' title='bbox 791 3523 912 3573; x_wconf 85' lang='lat' dir='ltr'>thermas</span> <span class='ocrx_word' id='word_1_203' title='bbox 929 3530 987 3573; x_wconf 71' lang='lat' dir='ltr'>eard</span> <span class='ocrx_word' id='word_1_204' title='bbox 1007 3525 1122 3574; x_wconf 80' lang='lat' dir='ltr'>Graecae</span> <span class='ocrx_word' id='word_1_205' title='bbox 1142 3528 1331 3576; x_wconf 74' lang='lat' dir='ltr'>terminationes</span> <span class='ocrx_word' id='word_1_206' title='bbox 1382 3516 1417 3566; x_wconf 73' lang='lat'>22·</span> 
     </span>
     <span class='ocr_line' id='line_1_31' title="bbox 516 3593 1414 3680; baseline 0.001 -22"><span class='ocrx_word' id='word_1_207' title='bbox 516 3605 595 3674; x_wconf 87' lang='lat' dir='ltr'>quas]</span> <span class='ocrx_word' id='word_1_208' title='bbox 620 3611 690 3660; x_wconf 86' lang='lat' dir='ltr'>imma</span> <span class='ocrx_word' id='word_1_209' title='bbox 714 3623 794 3674; x_wconf 90' lang='lat' dir='ltr'>quos,</span> <span class='ocrx_word' id='word_1_210' title='bbox 827 3614 854 3656; x_wconf 84' lang='lat' dir='ltr'>at</span> <span class='ocrx_word' id='word_1_211' title='bbox 877 3605 927 3657; x_wconf 81' lang='grc' dir='ltr'>οὓ(</span> <span class='ocrx_word' id='word_1_212' title='bbox 944 3611 992 3658; x_wconf 85' lang='lat' dir='ltr'>ool.</span> <span class='ocrx_word' id='word_1_213' title='bbox 1006 3609 1022 3657; x_wconf 92' lang='grc' dir='ltr'><em>Ι</em></span> <span class='ocrx_word' id='word_1_214' title='bbox 1036 3625 1065 3672; x_wconf 80' lang='lat' dir='ltr'>p.</span> <span class='ocrx_word' id='word_1_215' title='bbox 1085 3613 1146 3674; x_wconf 84' lang='lat'><strong><em>257,</em></strong></span> <span class='ocrx_word' id='word_1_216' title='bbox 1165 3613 1201 3660; x_wconf 83' lang='lat'>25</span> <span class='ocrx_word' id='word_1_217' title='bbox 1285 3593 1414 3680; x_wconf 64' lang='lat' dir='ltr'>dioongiss]</span> 
     </span>
     <span class='ocr_line' id='line_1_32' title="bbox 515 3679 1415 3760; baseline -0.007 -15"><span class='ocrx_word' id='word_1_218' title='bbox 515 3697 541 3745; x_wconf 87' lang='lat' dir='ltr'>ia</span> <span class='ocrx_word' id='word_1_219' title='bbox 561 3694 659 3744; x_wconf 79' lang='lat' dir='ltr'>Graeco</span> <span class='ocrx_word' id='word_1_220' title='bbox 688 3694 832 3758; x_wconf 82' lang='lat' dir='ltr'>exemplari</span> <span class='ocrx_word' id='word_1_221' title='bbox 855 3688 979 3752; x_wconf 82' lang='grc' dir='ltr'>δικογγία</span> <span class='ocrx_word' id='word_1_222' title='bbox 1006 3709 1087 3757; x_wconf 83' lang='lat' dir='ltr'>prave</span> <span class='ocrx_word' id='word_1_223' title='bbox 1110 3697 1232 3759; x_wconf 80' lang='lat' dir='ltr'>scriptam</span> <span class='ocrx_word' id='word_1_224' title='bbox 1252 3696 1305 3760; x_wconf 78' lang='lat' dir='ltr'>suit</span> <span class='ocrx_word' id='word_1_225' title='bbox 1326 3704 1372 3758; x_wconf 78' lang='lat' dir='ltr'>pro</span> <span class='ocrx_word' id='word_1_226' title='bbox 1387 3679 1415 3740; x_wconf 72' lang='grc' dir='ltr'>δὴ</span> 
     </span>
     <span class='ocr_line' id='line_1_33' title="bbox 516 3775 863 3842; baseline -0.012 -14"><span class='ocrx_word' id='word_1_227' title='bbox 516 3775 627 3842; x_wconf 74' lang='grc' dir='ltr'>κογγίαε</span> <span class='ocrx_word' id='word_1_228' title='bbox 645 3797 668 3832; x_wconf 90' lang='lat' dir='ltr'>a.</span> <span class='ocrx_word' id='word_1_229' title='bbox 687 3778 706 3828; x_wconf 90' lang='lat' dir='ltr'><em>I</em></span> <span class='ocrx_word' id='word_1_230' title='bbox 719 3795 748 3842; x_wconf 79' lang='lat' dir='ltr'>p.</span> <span class='ocrx_word' id='word_1_231' title='bbox 767 3779 829 3842; x_wconf 78' lang='lat'><strong><em>258,</em></strong></span> <span class='ocrx_word' id='word_1_232' title='bbox 848 3779 863 3824; x_wconf 91' lang='lat'><em>1</em></span> 
     </span>
    </p>
   </div>
   <div class='ocr_carea' id='block_1_6' title="bbox 0 0 1772 4400">
    <p class='ocr_par' dir='ltr' id='par_1_6' title="bbox 0 0 1772 4400">
     <span class='ocr_line' id='line_1_34' title="bbox 0 0 1772 4400; baseline 0 0"><span class='ocrx_word' id='word_1_233' title='bbox 0 0 1772 4400; x_wconf 95' lang='lat' dir='ltr'> </span> 
     </span>
    </p>
   </div>
  </div>
 </body>
</html>
