3534 4400
481 375 568 423 XXIV
842 380 1022 422 PRAEFATIO

480 519 562 574 Doclr
579 522 616 574 ist
632 519 680 574 die
696 517 782 572 Form
798 520 881 574 edetis
897 517 1124 587 ousfetlerle‘clrer,
1149 518 1232 573 tltee'ls
1247 518 1400 592 perlectoq-

481 613 535 658 ter.
569 602 630 657 Des
645 603 726 659 Eode
747 604 837 659 lactet
857 601 1044 659 centenarium
1064 603 1171 657 numeri
1187 618 1286 659 nomen
1302 611 1346 659 est
1360 620 1400 659 eo

482 688 554 762 quod
576 696 684 744 eentum
704 687 834 743 librarum
847 687 977 759 ponderis
993 688 1045 757 sit,
1069 686 1142 759 quod
1156 686 1263 759 pondus
1280 696 1402 762 propter
1505 708 1506 711 ¹

481 773 678 846 perfectionem
697 772 845 828 centenarii
865 773 970 827 numeri
991 772 1171 827 instituerunt
1185 774 1290 827 romani
1307 766 1398 848 [coni.

480 857 543 916 lsid.
564 856 598 912 lr.
616 856 692 927 125,
716 850 780 931 23].
809 854 939 926 Hierasos
955 855 1028 928 We!
1047 857 1098 926 sol.
1123 858 1174 910 111
1194 856 1227 911 de
1250 859 1396 913 mensuris.

481 936 541 996 Der
557 940 674 1014 Aesone
695 941 786 997 loutet
807 958 936 996 mensura
958 948 1000 996 est
1020 958 1064 996 res
1081 940 1169 1013 eliqua
1184 940 1265 996 modo
1282 958 1332 997 suo
1348 942 1399 997 uel

481 1035 605 1099 tempore
620 1026 833 1099 circumscripta.
862 1026 930 1082 haee
944 1033 990 1081 aut
1005 1026 1129 1099 corporis
1144 1032 1186 1080 est
1202 1032 1247 1081 aut
1263 1027 1397 1099 temporis
1506 1034 1507 1061 ¹

483 1106 568 1184 [coni.
584 1110 645 1165 lsid.
661 1110 696 1165 ir.
712 1110 788 1179 126,
807 1105 855 1186 l];
877 1111 931 1165 das
946 1109 1028 1165 none
1048 1111 1200 1165 coaceruati
1223 1111 1293 1165 eninr
1310 1109 1398 1167 modii

481 1196 595 1267 triginta
606 1195 693 1251 instar
709 1193 786 1250 collis
798 1194 928 1251 uidentur
940 1202 966 1250 et
978 1211 1047 1251 onus
1059 1194 1163 1251 camelli
1176 1193 1298 1251 efficiunt
1308 1188 1397 1271 [coni.

481 1278 546 1335 ibid.
557 1273 647 1354 322]ι
673 1278 727 1336 Die
737 1279 956 1353 Bemerlreopee
968 1281 1045 1335 uncle
1061 1279 1154 1335 dieses
1168 1278 1316 1336 Trecentos
1329 1281 1400 1337 sind

480 1363 544 1418 dem
565 1363 662 1419 latete
682 1366 759 1420 ouclr
781 1370 832 1421 mit
855 1365 919 1420 dem
942 1363 1198 1420 Lecdmaooscdeo
1223 1364 1311 1419 Tente
1335 1364 1397 1421 dei-

481 1450 558 1504 oede
573 1448 728 1519 identisct,
745 1449 816 1504 aber
830 1451 1021 1505 verschiedne
1039 1449 1191 1522 obpefosst.
1220 1448 1292 1505 Haec
1305 1448 1398 1506 Helbi·

479 1534 555 1607 gius:
584 1533 655 1590 unde
680 1535 747 1609 satis
767 1542 880 1608 apparet
904 1534 983 1590 aliam
1005 1534 1120 1589 iormam
1141 1541 1332 1605 excerptorum
1358 1534 1396 1589 de

478 1618 657 1689 ponderibus
674 1626 701 1674 et
722 1620 758 1673 de
775 1626 919 1674 mensuris
934 1623 966 1674 e'o
980 1619 1099 1691 liquidis
1116 1619 1205 1675 inesse
1220 1620 1248 1672 in
1263 1619 1397 1675 Vaticano

478 1704 571 1760 codiee
591 1711 674 1778 atque
695 1706 721 1759 in
738 1704 875 1772 Gudiano,
899 1712 981 1778 atque
1000 1704 1111 1760 eandem
1128 1702 1247 1777 ¹propius
1264 1704 1398 1761 accedere
1508 1706 1509 1725 ³

477 1788 562 1843 videri
582 1788 615 1844 ad
635 1790 694 1862 ipsa
713 1788 808 1843 lsidori
828 1788 908 1846 verba
929 1806 1008 1862 quam
1030 1789 1180 1844 Gudianum
1200 1795 1357 1844 contentum
1378 1806 1393 1845 a

477 1871 649 1927 Lachmanno
677 1870 788 1928 editum.
812 1902 853 1915 -
877 1874 997 1945 Denique
1021 1872 1156 1928 hocloco
1183 1889 1397 1929 commemoran-

479 1956 543 2010 dum
566 1963 608 2011 est
630 1957 658 2009 in
679 1956 737 2011 cod.
753 1956 876 2012 Parisino
893 1952 1081 2014 8680‘omnia
1102 1959 1154 2011 tria
1176 1957 1326 2029 fragmenta
1347 1974 1396 2013 eo-

478 2040 539 2094 dem
562 2039 656 2095 ordine
678 2048 705 2095 et
726 2040 818 2095 eadem
841 2041 929 2098 iorma
951 2049 1033 2113 atque
1048 2042 1076 2095 in
1092 2042 1213 2098 Gudiano
1228 2042 1299 2115 legi,
1322 2042 1395 2097 sicut

478 2124 558 2180 docet
573 2124 756 2179 Mommsenus
777 2125 808 2179 ad
826 2124 920 2181 Volus.
936 2126 1016 2181 Maec.
1034 2144 1059 2198 p.
1078 2125 1155 2193 287,
1179 2127 1225 2201 qui
1240 2126 1395 2183 Parisinum

478 2209 578 2265 librum
593 2210 736 2266 levissimis
752 2219 857 2266 tantum
872 2211 954 2266 rebus
969 2228 983 2265 a
999 2210 1119 2267 Gudiano
1136 2212 1345 2286 discrepantem,
1360 2229 1395 2268 ex

477 2295 530 2350 lroc
546 2296 607 2368 ipso
623 2294 789 2368 descriptum
804 2311 864 2351 esse
879 2297 1044 2368 suspicatur.

542 2378 611 2436 140.
634 2377 781 2434 Salmasius
801 2380 829 2433 in
850 2379 941 2435 Reiut.
964 2381 1109 2452 utriusque
1134 2381 1239 2436 elenchi
1260 2382 1395 2456 Cercope-

477 2465 574 2519 taviani
591 2481 620 2538 p.
637 2463 675 2520 25
692 2463 769 2520 allert
786 2472 867 2519 vetus
880 2465 1076 2538 frapmeorem
1093 2467 1214 2521 letiorem
1231 2467 1267 2520 de
1279 2468 1393 2537 ponde-

376 2566 388 2582 *
476 2548 557 2603 relus
582 2554 613 2604 in
640 2548 830 2606 Antidotore'o
853 2549 884 2604 R.
910 2550 941 2605 Β.
965 2548 994 2621 (i.
1018 2566 1041 2606 e.
1063 2550 1161 2624 Regiae
1186 2550 1393 2624 bibliothecae),

477 2634 550 2706 quod
563 2651 627 2690 -nos
649 2651 704 2690 non
729 2635 910 2690 omittendum
934 2651 995 2690 esse
1014 2635 1146 2691 duximus.
1178 2635 1331 2708 Repetiturn
1348 2646 1393 2692 est

477 2735 508 2773 ex
523 2718 620 2773 isidor.
636 2719 671 2774 lr.
689 2718 760 2787 125,
778 2719 826 2774 17.

541 2800 610 2856 141.
633 2802 705 2857 Calvi
724 2804 877 2858 versionem
892 2805 1008 2877 repetivi
1023 2821 1054 2859 ex
1069 2806 1127 2876 ipsa
1143 2805 1316 2879 Hippocratis
1334 2806 1392 2861 edi·

476 2886 550 2940 tione
567 2885 689 2958 principe
703 2886 820 2942 Romana
836 2886 888 2958 (=
904 2887 973 2959 eo),
990 2889 1067 2944 euius
1084 2890 1206 2962 exemplo
1221 2889 1390 2946 Berolinensi

476 2971 516 3024 uti
532 2970 597 3025 milri
612 2968 691 3025 licuit
707 2967 774 3045 (vide
788 2970 858 3044 prol.
876 2970 895 3042 S
910 2971 969 3028 114
985 2973 1044 3028 adn.
1061 2972 1100 3042 1),
1117 2973 1163 3029 ubi
1179 2975 1245 3030 liaeo
1258 2974 1329 3031 Calvi
1346 2977 1391 3030 in-

474 3056 637 3210 terppepetip
652 3053 755 3129 legitur
770 3072 797 3129 p.
813 3056 949 3113 liCXCVlll
968 3075 989 3112 s.
1007 3056 1043 3131 (in
1059 3058 1206 3115 Basileensi
1224 3060 1391 3132 repetitione

473 3157 501 3213 p.
595 3158 637 3195 s..
734 3186 738 3191 .

535 3393 629 3449 Restat
650 3393 767 3468 denique
788 3402 820 3450 ut
840 3403 1018 3468 conspectum
1035 3397 1169 3453 variarum
1184 3404 1309 3452 notarum
1327 3399 1388 3470 qui·

472 3476 526 3533 hus
541 3477 662 3551 pondera
677 3486 705 3534 et
720 3495 863 3537 mensurae
879 3482 906 3535 in
922 3479 964 3535 his
983 3480 1104 3552 reliquiis
1121 3480 1309 3554 significantur
1322 3497 1388 3556 pro·

473 3579 587 3636 ponam;
609 3581 641 3620 ac
660 3563 776 3637 primum
798 3564 907 3638 quidem
929 3565 999 3620 assis
1014 3573 1107 3638 partes
1122 3583 1172 3622 sno
1188 3567 1283 3624 ordine
1297 3582 1386 3640 usque

473 3647 506 3702 ad
521 3647 685 3722 scripulum,
708 3656 766 3705 turn
788 3649 908 3722 reliquas
928 3656 1009 3705 notas
1031 3651 1177 3706 seeundum
1198 3649 1303 3707 litteras
1325 3667 1387 3724 per-

472 3748 582 3806 sequar.
