3534 4400
537 422 579 485 86
606 445 647 483 τοι
660 442 820 483 muscum
834 441 930 482 αιυυο
945 442 988 481 nn
1001 440 1129 482 mamus
1147 440 1358 483 υυυυαοιιυυ.
1379 418 1443 500 [118]

485 592 520 653 17
602 574 741 654 Didymus
758 576 846 635 etiam
869 593 903 635 ea
926 574 1097 634 confirmet:
1120 573 1184 635 ‘md
1197 571 1347 651 Δίδυμοτ
1361 570 1443 653 ἐντῷ

537 675 611 753 περὶ
636 678 692 752 τῆε
721 674 810 752 παρὰ
830 673 997 752 Ῥαιμαίοιε
1025 672 1207 749 ἀναλογίας.
1254 673 1381 737 «Ἴωνεε
1405 674 1445 735 καὶ

537 777 669 840 Ἀττικοὶ
695 776 735 840 τὰ
763 776 823 839 δύο
844 776 936 854 ἥμιτυ
957 776 1048 854 ἤμιευ
1068 774 1178 853 τρίτον
1200 774 1322 855 φαείν,
1349 774 1445 837 καὶτὰ

537 878 571 943 ἓξ
596 878 688 957 ἥμιευ
714 877 855 942 τάλαντα
882 878 1021 957 ἕβδομον
1043 878 1280 956 ἡμιτάλαντον,
1311 877 1363 939 καὶ
1383 875 1445 939 τοὺ(

503 986 520 1035 ⁵
536 980 688 1058 τέτταρα(
709 978 800 1057 ἥμιευ
821 980 933 1057 πήχει(
951 980 1098 1058 πέμπτην
1117 979 1294 1057 επιθαμήν,
1318 977 1445 1053 καθάπερ

537 1080 632 1162 φηείν
647 1080 830 1160 Ἡρόδοτοι.
868 1081 1026 1160 κπροθεὶε
1045 1082 1084 1145 τό
1099 1081 1151 1145 Ἐν
1172 1080 1209 1143 δὲ
1230 1079 1445 1154 Βατυυειάδητ,

537 1183 574 1247 έν
602 1189 649 1265 τῷ
677 1182 750 1261 περὶ
777 1186 925 1261 μουεικῆε
951 1182 1098 1263 ἐπιφέρει
1126 1182 1242 1260 Τρίτον
1274 1182 1444 1260 ἡμιπόδιον,

537 1284 609 1349 ἀντὶ
628 1287 688 1348 τοῦ
710 1283 771 1347 δύο
793 1284 885 1362 ἥμιτυ
905 1284 1013 1348 πόδεε
1048 1284 1101 1347 καὶ
1121 1284 1264 1349 καθόλου
1287 1284 1370 1347 ὅταν
1385 1280 1445 1361 βού-

537 1390 658 1451 λωνται
679 1386 812 1464 ἀριθμόν
832 1407 904 1451 τινα
931 1388 1053 1463 δηλοῦν
1080 1386 1131 1449 καὶ
1158 1385 1275 1464 μόριόν
1304 1406 1335 1449 τι
1362 1401 1443 1461 προτ-

487 1498 519 1545 10
537 1489 694 1568 κείμενον,
716 1488 754 1552 τό
776 1488 952 1567 ὁμώνυμον
972 1490 1032 1551 τοῦ
1055 1487 1191 1566 ἀριθμοῦ
1212 1488 1264 1552 ἀεὶ
1285 1491 1348 1551 τοῦ
1362 1488 1444 1549 πλεο-

535 1592 692 1657 νάζοντα(
714 1590 868 1669 λαβόντε(
889 1591 927 1654 τὸ
943 1589 1023 1654 ὅλον
1039 1589 1151 1670 φατίν·
1174 1588 1246 1654 οἷον
1261 1590 1305 1653 τὰ
1322 1589 1356 1653 ἓξ
1369 1586 1444 1664 ἥμκυ

536 1694 675 1773 ἕβδομον
697 1692 788 1770 ἥμιειί
811 1712 922 1773 φαειν,
945 1694 1004 1755 τοῦ
1026 1691 1108 1755 ἑπτὰ
1129 1691 1319 1775 [ἑβδόμου],
1343 1692 1381 1754 δε
1400 1705 1443 1765 μο-

484 1808 520 1868 18
538 1797 611 1861 νάδι
631 1794 802 1860 πλεονάζει
823 1797 883 1858 τοῦ
899 1792 942 1870 ἕξ,
964 1794 1003 1857 τὸ
1019 1793 1192 1871 ὁμώνυμον
1207 1793 1374 1873 λαβόντεε,
1404 1785 1442 1851 καὶ

536 1898 686 1975 Ῥωμαῖοι
708 1897 744 1959 δὲ
766 1894 993 1973 εὑρεθήεονται
1014 1894 1121 1977 τούτῳ
1144 1895 1309 1973 χρώμενοι
1324 1897 1370 1976 τῷ
1385 1888 1442 1967 (χή-

487 2018 520 2065 15
538 2017 617 2075 ματι.
653 1996 693 2061 τὰ
713 1996 776 2073 γὰρ
797 1996 857 2059 δύο
880 1996 970 2075 ἥμιευ
992 1996 1133 2086 ἀεεόριρ,
1155 1995 1238 2074 ἅπερ
1260 1996 1303 2074 ἦν
1325 1995 1441 2066 τέτταρα

536 2102 594 2163 τοῦ
616 2098 770 2176 δηναρίου
788 2134 823 2142 -
841 2098 918 2161 δέκα
938 2098 1001 2175 γὰρ
1021 2098 1163 2175 ἠδύνατο
1186 2096 1321 2177 ἀεεάρια
1342 2096 1380 2159 τὸ
1400 2097 1441 2165 δη·
1484 2099 1486 2184 ί

536 2201 662 2279 νόριον,
686 2198 731 2262 ὼε
753 2198 844 2262 αὐτοὶ
866 2201 1013 2275 λέγουειν
1029 2201 1201 2280 δηναρίου(
1215 2202 1306 2279 παρὰ
1322 2198 1359 2262 τὸ
1375 2197 1441 2270 δῆνα
1484 2193 1486 2241 i

538 2303 794 2381 έεχηματιεμένοι
819 2339 854 2346 -
879 2301 1082 2380 εηετέρτιοόμ
1110 2321 1223 2382 φαειν,
1253 2305 1314 2366 τοῦ
1341 2293 1440 2379 μὲνίὴ
1484 2332 1486 2369 ι

536 2405 573 2469 τὸ
589 2405 680 2483 ἥμιευ
695 2405 883 2482 δηλοῦντοε,
908 2403 953 2466 ὡε
969 2404 1004 2468 ἐν
1020 2409 1065 2488 τῷ
1083 2404 1266 2483 τημόδιουμ,
1289 2404 1440 2481 εήεκουαο
1484 2392 1486 2459 ἶ

485 2527 519 2576 αο
538 2508 734 2585 εήεκουπλα,
762 2509 821 2569 τοῦ
849 2507 885 2569 δὲ
912 2505 1059 2584 τέρτιουμ
1084 2505 1123 2569 τὸ
1145 2506 1269 2583 τρίτον,
1299 2504 1351 2568 καὶ
1372 2500 1440 2563 ἕσιν

537 2610 626 2688 ἥμιευ
654 2609 773 2686 τρίτον.
817 2607 857 2671 τὰ
880 2608 917 2671 δὲ
939 2607 1022 2685 χίλια
1050 2608 1212 2685 εἠετέρτια
1240 2610 1332 2671 ποιεί
1350 2597 1440 2668 διακό-

537 2732 587 2774 εια
614 2710 814 2787 πεντήκοντα
842 2709 977 2788 δηνάρια
1004 2708 1144 2788 ἀργυρᾶ,
1181 2709 1256 2772 δέκα
1283 2711 1322 2774 δὲ
1345 2700 1439 2786 χρυίᾶ,

537 2812 619 2891 ἅπερ
648 2811 698 2874 καὶ
727 2811 817 2887 μίλλε
847 2811 999 2888 νούμμωε
1028 2810 1132 2891 φαείν.
1175 2810 1213 2873 τὸ
1241 2811 1278 2874 δὲ
1300 2811 1440 2887 εήεκουα(

538 2912 691 2977 εύνθετόν
722 2912 802 2974 έετιν
831 2909 899 2973 ἀπὸ
925 2915 984 2975 τοῦ
1008 2913 1043 2990 εὴ
1066 2911 1196 2974 καὶτοῦ
1219 2912 1300 2990 κοὺμ
1323 2909 1373 2975 καί
1391 2901 1438 2966 τοῦ

486 3033 520 3082 25
538 3015 575 3078 ἂε
603 3012 702 3089 ἄεειε,
730 3013 780 3074 καὶ
808 3011 890 3076 έετιν
916 3012 1007 3091 ἥμιευ
1029 3014 1085 3077 cdv
1108 3012 1262 3096 ἀεταρίῳ,
1292 3009 1438 3078 τουτέετιν

538 3117 572 3181 ἓν
601 3115 691 3193 ἥμιευ
722 3113 879 3192 ἀεεάριον.
926 3114 1033 3192 ὥεπερ
1054 3116 1090 3179 δὲ
1111 3115 1283 3194 ἡμέδιμνον
1307 3115 1438 3188 λέγουσι

538 3217 668 3282 Ἀττικοὶ
690 3213 761 3279 ἀντὶ
782 3217 840 3279 τοῦ
862 3215 1078 3294 ἡμιμέδιμνον,
1102 3215 1207 3280 οὕτω(
1229 3210 1279 3280 καί
1296 3215 1384 3280 οὗτοι
1397 3225 1438 3283 (η-

536 3321 688 3400 μόδιουμ,
711 3317 952 3383 πλεονάζοντος
972 3321 1032 3382 τοῦ
1054 3338 1094 3381 τ.»

608 3548 631 3592 1.
651 3543 767 3592 didimus
779 3538 820 3604 θ’,
833 3541 882 3590 sed
892 3555 910 3603 y
922 3556 990 3592 corr.
1045 3523 1437 3591 ΚΑΤΟΙΔΙΜΟΕΕΝΤΟΠΕΡΙ·

536 3623 813 3690 ΤΕΕΥΠΑΡΑΦΟΝ,
832 3625 930 3677 omissis
947 3627 1053 3690 reliquid
1067 3625 1173 3675 Graecis
1189 3640 1267 3691 usque
1286 3626 1321 3674 ad
1333 3608 1438 3687 13an

539 3715 581 3766 18.
599 3709 823 3778 ἐεχηματιεμένοι
841 3727 910 3762 corr.
930 3710 1093 3775 δρειιρεῐίια,
1117 3707 1361 3776 ἐιχηματιεμένουε
1376 3700 1435 3760 vuldo

540 3803 581 3855 18.
600 3814 632 3864 (η
651 3807 676 3851 ει
693 3802 736 3850 24.
754 3811 786 3862 εη
805 3803 831 3848 et
849 3810 920 3859 κουμ
938 3795 1038 3846 Κείἱίυτ
