3534 4400
630 442 832 486 scuirronus
847 443 1013 513 nouenos.
1143 414 1148 423 ’
1235 420 1276 486 21

361 582 430 656 apud
439 579 820 655 scriptoremblerandrinunr
849 580 922 655 apud
936 580 1100 638 Maecianum

382 660 567 739 ldccdprov
662 666 726 723 ibid.
867 664 964 737 asssl

662 750 728 807 inid.
868 749 951 805 semis
967 748 985 820 3
1004 749 1019 804 1

664 833 729 890 ibid.
856 835 954 889 ‘triens
972 832 991 904 3
1007 831 1035 889 2.
1051 832 1093 891 40

663 919 726 974 ibid
868 917 1006 991 quadrans
1022 916 1040 988 3
1057 917 1084 974 3.
1101 916 1145 976 40

663 1002 727 1059 ibid.
868 1009 977 1057 sexiens
995 1001 1013 1073 3
1028 1000 1056 1057 4.
1074 1000 1117 1060 40

616 1114 627 1125 ·
663 1086 727 1144 ibid.
867 1085 1086 1158 sescunciagb.
1101 1084 1143 1143 40
1188 1140 1192 1149 ,

661 1171 725 1228 ibid.
867 1171 947 1227 uncia
960 1170 1029 1226 duae
1042 1170 1163 1227 sextulae
1174 1168 1282 1241 3940

830 1266 850 1571 )
868 1248 988 1329 [partem
1004 1255 1134 1312 decimam
1152 1264 1179 1311 et
1195 1255 1279 1312 uude.

362 1331 441 1417 rbi‘
663 1340 727 1395 abra.

866 1338 963 1394 cimam
971 1355 1022 1398 nec
1030 1356 1128 1396 nornen
1136 1341 1277 1414 proprium

361 1420 400 1501 Tb
414 1415 463 1480 ια”
478 1422 514 1480 lr.
530 1422 609 1495 95,8
622 1423 686 1495 (um.
699 1425 732 1480 lr.
743 1424 819 1498 141)

865 1424 1281 1483 necnotamhaberedicitllaec.

361 1582 624 1670 arduenne.
643 1592 749 1666 mue
867 1502 1024 1663 {afflue
1040 1592 1082 1651 40

361 1669 461 1753 ffits's
476 1677 513 1733 lr.
530 1676 569 1733 95
586 1675 650 1748 (om.
667 1677 701 1733 lr.
721 1675 792 1750 141)
868 1677 1007 1734 semuncia
1023 1677 1142 1733 sicilicus
1160 1676 1178 1747 3
1194 1675 1233 1733 41

360 1756 400 1836 lb
413 1753 461 1832 ιη”
473 1761 512 1818 ir.
530 1760 569 1817 95
586 1760 701 1833 (emir.
718 1757 789 1838 141)
867 1761 1005 1817 semuncia
1023 1761 1127 1817 sestula
1144 1761 1162 1833 3
1178 1760 1216 1817 41
1238 1806 1241 1814 ,

361 1840 401 1920 ἡ
413 1837 466 1902 κδ”
481 1845 519 1901 fr.
536 1844 585 1902 95.
604 1844 663 1901 141
868 1846 1005 1907 semuncia
1022 1843 1040 1915 3
1057 1844 1106 1901 27.
1123 1846 1171 1903 33.
1188 1844 1229 1901 42

361 1922 468 2005 3151?
536 1929 599 1986 ibid.
867 1927 947 1984 binae
961 1928 1082 1985 sextulae
1095 1929 1279 2001 3293349
1395 2014 1409 2035 e

362 2005 448 2088 ffli'
465 2013 502 2071 ir.
518 2012 559 2071 95
574 2013 639 2085 (om.
658 2014 692 2069 ir.
710 2013 782 2090 141)
868 2006 898 2088 [a
909 2015 1050 2070 teruncius
1065 2013 1083 2085 3
1100 2008 1154 2091 65]

362 2083 471 2198 {guis
487 2096 525 2153 ir.
544 2096 602 2153 141
621 2098 686 2194 (om.
702 2097 803 2193 luidb)
867 2097 987 2161 sicilicus
1004 2097 1022 2169 3
1039 2097 1088 2155 99.
1103 2100 1152 2157 33.
1170 2098 1211 2156 42

364 2176 507 2324 ibiduslsn·
525 2176 819 2344 ggetbuzhffimgffl‘
867 2219 936 2301 [nun
953 2224 1034 2281 babet
1048 2223 1217 2305 llaecianus]

363 2344 402 2424 ἦ
415 2344 471 2430 οβ”
486 2351 522 2408 ir.
541 2349 590 2408 95.
608 2351 668 2407 141
868 2351 974 2408 sextula
993 2352 1010 2424 3
1026 2352 1075 2410 30.
1092 2352 1142 2410 33.
1156 2352 1197 2409 42

364 2429 421 2513 ff»)
866 2437 1014 2492 centesima
1030 2433 1068 2510 [in
1082 2435 1186 2510 usuris]
1203 2435 1275 2509 343

363 2511 421 2679 ,ξ’-Ἠ
455 2555 521 2637 [bas
535 2563 816 2635 partesamisitscri·
864 2517 1275 2591 ‘limi[¹i³³fflu¹³§3l·33·42

364 2602 1275 2805 Qummnmmm

821 2763 841 2840 ,⁹
928 2772 1064 2847 simplium
1082 2773 1100 2846 3
1116 2772 1165 2830 99.

420 2937 472 2994 lam
489 2938 530 2996 sic
541 2939 641 2996 Graeca
657 2939 748 2996 tabula
763 2958 823 2998 cum
838 2941 976 2998 llaeciano
992 2952 1148 3017 comparata
1163 2952 1277 3018 apparet

365 3029 431 3076 recte
453 3039 467 3078 a
489 3025 627 3097 scriptore
644 3024 826 3081 Alexandrino
848 3028 953 3101 positas
975 3042 1034 3084 esse
1058 3035 1149 3102 partes
1169 3033 1205 3100 5,
1227 3019 1274 3103 γ”,

365 3094 406 3176 δ”,
419 3095 465 3177 ς”,
480 3098 528 3180 η”,
545 3098 590 3179 θ”,
605 3100 662 3182 ιβ”,
678 3101 736 3180 ιζ’,
749 3100 797 3183 ιη”
809 3104 872 3186 [has
885 3111 952 3167 duas
965 3112 1050 3184 igitur
1061 3112 1158 3168 iniuria
1172 3113 1274 3171 omittit

366 3185 500 3268 tr.141]‚
522 3185 586 3264 κδ”,
607 3181 674 3265 λζ’,
694 3182 754 3267 μη”
768 3188 823 3270 [sic
837 3195 864 3249 iu
879 3195 912 3251 ir.
928 3195 967 3252 95
980 3213 1032 3269 pro
1047 3189 1085 3256 ν”
1101 3195 1273 3256 scribendum

365 3269 488 3351 ridetur)
505 3264 568 3350 οβ”.
598 3277 735 3334 liubitatic
747 3286 837 3335 autem
850 3279 1016 3354 relinquitur
1031 3281 1064 3337 de
1078 3271 1116 3351 t''‚
1131 3271 1180 3338 tui'
1192 3274 1276 3358 [banc

366 3365 463 3424 partem
479 3377 532 3417 om.
549 3361 583 3420 lr.
600 3357 691 3439 141].
711 3352 750 3435 μ”
766 3357 833 3439 [om.
852 3363 885 3419 lr.
904 3358 994 3441 141),
1018 3356 1055 3425 ν”
1072 3358 1140 3440 [cm.
1158 3365 1190 3422 lr.
1208 3363 1276 3444 95].

366 3436 453 3530 dubis
467 3434 504 3502 ν”
519 3446 573 3501 iarn
595 3447 711 3503 diximus
729 3454 802 3504 stare
819 3464 875 3504 nou
890 3466 989 3523 posse,
1016 3449 1088 3524 qnod
1104 3467 1165 3506 esse
1179 3451 1274 3510 debuit

367 3535 402 3595 μη
411 3517 425 3581 ’.
454 3527 507 3587 Nec
526 3532 614 3604 magis
631 3531 741 3606 probari
762 3540 856 3606 potest
872 3525 930 3603 ια”,
956 3533 1029 3608 quod
1052 3534 1155 3590 omittit
1176 3535 1283 3594 Calvus

366 3613 390 3660 et
406 3617 538 3684 expressis
556 3615 644 3672 verbis
659 3616 770 3691 expellit
786 3617 947 3675 llaecianus.
980 3618 1063 3676 Recte
1078 3628 1167 3676 autem
1183 3619 1275 3695 posita

366 3700 424 3784 sunt
438 3687 464 3751 l'
478 3707 505 3754 et
521 3690 567 3770 u''.
604 3699 669 3756 Nam
685 3703 736 3758 etsi
752 3700 907 3760 llaecianus
922 3705 948 3759 in
963 3701 1067 3760 denarii
1082 3703 1207 3776 partibus
1226 3703 1272 3759 de·

368 3789 455 3834 cimam
474 3797 535 3840 esse
550 3793 632 3858 negat
649 3783 679 3858 (3
696 3784 765 3858 40),
787 3796 877 3845 tamen
894 3786 964 3844 idem
980 3787 1007 3843 iu
1024 3804 1055 3845 ea
1070 3789 1273 3882 ratione‘quam
