3534 4400
756 404 943 448 PRAEFATIO.
1276 399 1316 447 XI
1413 400 1420 413 '

390 544 468 614 gitur
482 543 511 597 in
527 542 604 613 ABG,
624 558 676 598 uec
693 542 871 598 dubitandum
889 549 946 609 est,
978 542 1043 615 quin
1063 545 1103 599 sic
1123 543 1265 616 scripserit
1290 543 1313 596 is

392 628 439 699 qut
456 625 511 681 hoc
525 642 632 704 carmen
646 628 804 699 composuit
820 621 853 700 (v.
866 626 982 681 indicem
998 644 1021 681 s.
1031 625 1074 697 1.).
1105 626 1176 681 idern
1191 634 1314 682 statuen-

390 711 457 765 dum
471 710 581 765 videtur
595 711 628 767 de
644 710 707 766 oica
721 728 760 766 vs.
779 711 816 765 17
834 718 862 765 et
879 714 991 765 eminas
1007 726 1045 767 vs.
1058 710 1106 767 68.
1121 740 1162 749 -
1177 710 1225 765 21.
1242 714 1313 766 sici-

392 796 481 849 licum
498 796 531 863 Α,
547 793 594 851 ubi
610 794 750 867 vulgatum
766 794 899 851 sicilicus
914 812 969 850 non
994 793 1111 850 debehat
1134 801 1227 849 tenere
1245 793 1315 849 End·

392 875 514 933 licherus
531 877 614 948 (coni.
633 897 670 936 vs.
687 873 746 951 78).
771 910 807 919 -
832 879 881 935 32.
899 879 1041 947 Gratata,
1062 880 1149 935 Graii
1162 877 1253 950 vulgo.
1274 907 1311 916 -

390 961 443 1019 36.
458 978 493 1017 ex
506 971 638 1037 corrupta
652 965 680 1019 in
695 962 757 1018 ABG
774 965 912 1037 scriptura
928 979 1040 1019 emnam
1055 961 1137 1035 vulgo
1154 962 1256 1018 iactum
1271 970 1314 1016 est

392 1048 462 1101 irinc
479 1044 559 1116 Mac,
577 1047 651 1120 quod
665 1055 740 1103 recte
755 1048 880 1121 repudiat
896 1047 1085 1116 Schenkelius,
1101 1047 1160 1119 ipse
1176 1050 1206 1101 ei
1218 1062 1313 1099 mnam

389 1131 552 1185 coniiciens.
587 1130 640 1187 Sed
654 1133 748 1204 potius
764 1149 853 1187 onam
865 1148 926 1187 curn
939 1131 1037 1187 Vineto
1052 1130 1235 1200 scribendum,
1250 1146 1315 1203 pro·

390 1215 484 1269 hatum
500 1214 526 1268 id
542 1215 650 1288 quidem
666 1223 693 1271 et
710 1214 872 1272 Schenirelio
887 1223 916 1272 et
931 1216 1046 1272 Christio
1063 1231 1089 1287 p.
1105 1214 1145 1271 57
1162 1214 1310 1287 (commen-

392 1299 455 1354 tarii
475 1298 504 1352 in
522 1299 574 1355 vol.
590 1299 600 1354 1
615 1317 642 1372 p.
662 1299 777 1357 6711111.
794 1299 812 1356 5
835 1299 932 1372 citati).
950 1332 987 1344 -
1005 1300 1055 1357 37.
1074 1300 1208 1354 docuisse
1228 1300 1313 1353 inter·

392 1380 479 1455 polati
502 1383 626 1453 codices,
653 1384 764 1440 dicissc
778 1378 826 1438 A³2
851 1392 980 1440 neutrum
1003 1401 1065 1440 cum
1084 1383 1234 1457 genuinum
1254 1396 1313 1436 esse

390 1465 545 1537 videretur,
562 1484 594 1523 ex
609 1483 732 1537 occare,
748 1468 861 1541 antiqua
875 1470 1010 1542 scriptura
1026 1468 1054 1524 in
1068 1469 1101 1539 Α,
1116 1466 1194 1523 etieci
1208 1481 1312 1522 memo·

391 1566 463 1605 rare
487 1550 551 1605 coll.
573 1569 611 1606 vs.
633 1553 683 1609 93.
706 1582 749 1592 -
770 1552 820 1608 38.
842 1553 972 1625 drapmis
988 1568 1021 1607 ex
1035 1554 1073 1621 Α,
1094 1568 1156 1608 nam
1173 1549 1313 1621 vulgatum

391 1634 554 1689 drachmas
572 1644 629 1689 tam
646 1635 792 1690 barbarum
808 1645 868 1703 est,
892 1645 924 1690 ut
940 1636 1069 1707 scriptori
1085 1634 1212 1689 carminis
1230 1632 1312 1686 tribui

392 1735 450 1773 non
467 1719 573 1789 possit,
597 1719 644 1790 qui
665 1718 774 1792 quidem
793 1718 921 1791 drapmis
940 1718 1036 1791 posuit
1054 1733 1105 1791 pro
1127 1718 1316 1788 drapmcrom

391 1814 526 1855 numero.
541 1830 584 1843 -
597 1800 647 1858 46.
664 1802 698 1857 de
714 1818 752 1857 ac
766 1807 793 1857 si
807 1802 879 1858 coni.
896 1819 934 1857 vs.
955 1801 1025 1857 116.
1044 1830 1081 1842 -
1100 1801 1150 1858 48.
1169 1816 1224 1855 nec
1238 1814 1314 1872 poce

393 1883 573 1940 Endlicherus
588 1886 737 1941 secundum
746 1884 925 1942 Wemsdorfii
938 1886 1123 1944 coniecturam
1132 1901 1209 1958 regu
1221 1899 1314 1958 aeque

393 1983 470 2041 quac
491 1971 588 2042 scripsi
610 1986 671 2025 eum
694 1969 864 2027 Schenitelio.
887 2000 925 2010 -
948 1970 999 2026 57.
1015 1971 1100 2025 molis
1114 1968 1243 2025 nimirum
1259 1986 1313 2025 non

393 2054 578 2109 minus‘recte
592 2055 620 2108 in
635 2055 657 2108 Α
674 2056 823 2127 scriptum,
845 2070 926 2127 quam
941 2055 1107 2111 coniunctivi
1126 2053 1258 2127 leguntur
1273 2070 1313 2108 rs.

395 2138 445 2194 75.
462 2136 511 2193 94.
529 2135 589 2194 184
604 2155 641 2204 s.;
657 2138 755 2193 falsum
769 2139 855 2212 igitur
871 2138 1010 2211 vulgatum
1022 2144 1123 2195 monis.
1139 2167 1174 2178 —
1194 2138 1243 2195 62.
1261 2152 1313 2210 'cp-

394 2223 446 2277 ias
461 2221 511 2276 laic
527 2223 585 2277 sine
599 2222 682 2279 dubio
705 2230 749 2279 est
765 2225 876 2297 antiqua
898 2225 1051 2296 scriptura,
1074 2240 1135 2279 nam
1156 2230 1184 2278 et
1204 2223 1254 2280 iric
1271 2239 1314 2277 re·

391 2305 516 2362 ctissime
538 2315 580 2361 est
594 2308 715 2380 positum
739 2315 767 2362 et
789 2308 854 2378 cybi
872 2306 945 2363 redit
962 2325 1002 2363 vs.
1019 2307 1089 2364 195.
1124 2307 1245 2363 Pessime
1265 2307 1314 2361 iric

393 2389 476 2460 vulgo
492 2391 623 2445 omissum
639 2400 811 2463 metrumque
827 2390 976 2446 turbatum.
1000 2391 1177 2447 Schenkelius
1193 2390 1313 2446 coniecit

393 2473 501 2541 cobus;
521 2477 600 2530 iace
621 2491 657 2529 nc
679 2480 743 2537 cui;
772 2473 909 2528 Christius
933 2474 959 2526 in
980 2474 1048 2528 lii-us.
1068 2474 1154 2529 Rhen.
1169 2473 1214 2526 XX
1230 2490 1258 2543 p.
1275 2472 1313 2527 71

392 2557 485 2614 cados
500 2559 559 2613 liic.
582 2587 619 2596 -
645 2557 695 2613 69.
710 2557 761 2613 70.
786 2556 819 2611 de
841 2557 884 2611 liis
905 2554 1030 2610 versibus
1046 2555 1161 2610 multum
1177 2554 1316 2608 dubitave-

394 2650 459 2698 runt
474 2650 501 2697 et
516 2643 625 2714 priores
641 2641 761 2697 editores
777 2648 805 2695 et
819 2656 909 2713 nuper
925 2637 1102 2695 Schenkeiius
1119 2637 1136 2692 l.
1154 2655 1177 2694 c.
1195 2645 1222 2692 et
1238 2637 1314 2693 Chri-

394 2728 466 2781 stius
481 2726 591 2781 iatius.
606 2725 691 2780 Rhen.
706 2742 734 2797 p.
752 2723 801 2780 72.
835 2725 895 2796 Ego
911 2729 1023 2780 secutus
1044 2739 1104 2779 sum
1124 2721 1315 2779 Endlicherum

395 2815 460 2881 puis
482 2808 599 2864 ablativo
621 2825 687 2864 casu
706 2808 886 2877 scribentem,
907 2824 976 2882 quae
995 2808 1083 2864 forma
1101 2807 1171 2864 redit
1185 2825 1224 2863 vs.
1243 2806 1313 2864 187.

395 2896 464 2950 'l'um
483 2895 607 2966 proximo
622 2908 703 2947 versu
718 2891 790 2947 duos
811 2894 922 2948 restitui
939 2888 972 2948 e'x
987 2891 1064 2960 tue,
1088 2891 1135 2948 ubi
1157 2891 1230 2947 ducas
1244 2890 1315 2945 End·

394 2979 516 3034 licherus
533 2974 674 3050 praetulit,
690 2992 750 3031 eum
766 2991 827 3030 eum
841 2977 941 3032 lateret
958 2976 1084 3031 ciocaic
1100 2977 1127 3030 in
1145 2975 1244 3031 tabuiis
1259 2991 1314 3030 me·

394 3060 557 3118 dicinalibus
572 3061 698 3133 idemque
710 3059 782 3132 apud
794 3058 973 3132 Epiphaniam
989 3068 1017 3116 et
1031 3062 1059 3115 in
1075 3060 1229 3131 fragmento
1244 3053 1316 3128 περὶ

394 3140 523 3218 μέτρων
540 3143 684 3200 masculini
703 3143 813 3216 generis
833 3160 895 3199 esse
913 3142 982 3214 (vide
998 3143 1132 3216 indicem).
1168 3142 1223 3198 Nec
1239 3141 1316 3198 deest

353 3281 359 3290 .
395 3230 510 3285 Latinus
525 3237 622 3285 auctor
639 3227 782 3301 Epipirauii
798 3228 936 3301 interpres
950 3247 976 3302 p.
988 3227 1096 3300 loce.
1127 3227 1171 3284 Sic
1187 3226 1317 3299 scriptori

379 3314 479 3369 .huius
500 3313 628 3369 carminis
643 3329 705 3368 vera
721 3320 830 3367 etcum
845 3313 958 3385 optimis
979 3311 1137 3369 auctoribus
1158 3326 1313 3383 congruens
1420 3307 1422 3310 ’

395 3398 532 3470 expositio
559 3413 747 3453 mensurarum
773 3395 906 3452 vindicata
932 3405 989 3467 est,
1020 3404 1051 3451 ut
1072 3395 1188 3467 congius
1216 3394 1315 3450 habeat

395 3482 541 3538 choenices
566 3489 624 3537 tres
648 3483 703 3537 sive
732 3480 865 3536 sextarios
890 3497 937 3536 sex
961 3483 1017 3536 sive
1036 3478 1140 3554 cotylae
1163 3479 1316 3545 duodecim,

395 3565 514 3620 choenix
529 3567 565 3621 sit
580 3566 697 3621 duorum
719 3564 898 3620 sextariorum
924 3565 979 3620 sive
1000 3571 1132 3637 quattuor
1149 3562 1315 3636 cotylarum:

396 3649 472 3705 nulia
494 3651 580 3722 igitur
600 3650 654 3704 iam
674 3649 745 3723 apud
767 3649 840 3704 hunc
854 3655 963 3722 poetam
981 3649 1095 3704 choenix
1111 3654 1242 3719 quattuor
1258 3659 1317 3700 sex·

398 3734 549 3804 tariorum,
572 3749 642 3807 quae
663 3731 834 3790 efficiebatur
857 3749 889 3790 ex
905 3731 1015 3805 vulgata
1035 3731 1100 3787 clim
1117 3731 1253 3801 scriptura
1269 3729 1319 3795 qui
