3534 4400
433 410 497 457 xtv
646 385 649 397 ¹
802 415 992 457 rnaurnrro.

432 566 496 605 rum
511 556 671 605 memorato
687 548 790 604 libellis
805 547 887 621 idque
901 546 1062 620 perducitur
1078 546 1112 602 ad
1127 564 1166 604 vs.
1183 545 1222 603 55
1239 562 1356 605 semun-

433 638 481 691 cio
496 637 599 689 maior.
633 634 701 689 Tum
714 631 866 689 intercalati
879 638 944 688 sunt
958 631 1013 686 duo
1030 646 1134 687 versus·

515 719 598 773 llaec
614 717 650 772 de
662 716 850 788 ponderibus.
880 720 909 771 si
924 724 1024 772 celero
1039 718 1124 787 signu
1140 718 1269 786 requiris

517 804 564 858 lie
579 806 653 875 ipsis
665 810 796 857 ueterum
809 805 922 873 poteris
939 814 1115 873 eopnoscesje
1131 803 1232 856 curtis.

433 886 593 960 Sequuntur
608 885 734 942 carminis
749 886 783 942 de
797 882 968 959 ponderibus
985 899 1076 941 versus
1095 882 1156 939 124
1171 882 1255 939 Nunc
1270 887 1354 941 aliud

367 988 370 990 *
434 988 522 1044 usque
542 971 574 1027 ad
592 971 651 1028 163
672 974 736 1026 sinc
756 975 856 1043 aquis,
883 967 930 1025 ubi
952 984 1047 1023 omnes
1067 967 1131 1025 libri
1152 984 1234 1025 manu
1257 972 1352 1046 scripti

431 1063 542 1128 praeter
556 1054 732 1125 Bobiensem‚
755 1062 788 1124 ut
809 1070 894 1127 supra
915 1052 1091 1123 dictumest,
1114 1052 1251 1109 desinunt.
1281 1054 1353 1111 Haec

432 1140 573 1214 excipiunt
595 1139 739 1197 duodecim
759 1156 854 1195 versus
877 1138 911 1193 de
931 1136 1050 1211 planetis
1073 1136 1154 1192 iidem
1173 1153 1243 1210 quos
1261 1140 1353 1213 Ange-

429 1222 522 1279 lunius
543 1223 628 1280 edidit
648 1241 676 1297 p.
691 1223 752 1281 232
772 1222 911 1297 (repetivit
928 1219 1046 1277 Orellius
1064 1238 1090 1293 p.
1110 1219 1197 1292 242);
1221 1221 1352 1295 Signifer

432 1336 470 1350 -
492 1308 611 1378 conficit
631 1308 738 1364 orbem.
782 1309 833 1365 Hic
856 1306 957 1363 desinit
984 1305 1122 1379 scriptura
1146 1308 1174 1360 in
1199 1305 1293 1363 codice
1320 1325 1350 1363 ac

429 1392 595 1467 relinquitur
609 1410 720 1449 vacuum
739 1392 870 1466 spatium,
885 1390 957 1448 unde
975 1398 1088 1463 apparet
1104 1388 1244 1447 librarium
1259 1392 1350 1464 ipsum

429 1475 497 1532 nihss
513 1477 644 1535 habuisse
659 1478 732 1553 quod
747 1477 869 1533 adderet.
897 1476 951 1531 lam
968 1489 1158 1530 recenseamus
1175 1473 1222 1530 iol.
1241 1475 1290 1531 17.
1320 1477 1349 1531 ln

429 1560 481 1618 hoc
503 1578 534 1617 ea
554 1579 619 1635 pars
639 1563 771 1619 carminis
787 1562 822 1619 dc
835 1558 1003 1635 ponderibus
1017 1559 1170 1633 perscripta
1191 1568 1234 1616 est
1250 1575 1302 1633 qua
1317 1562 1351 1617 dc

428 1648 564 1703 mensuris
584 1655 612 1702 et
632 1647 713 1703 variis
736 1646 878 1721 liquorum
898 1643 1066 1719 ponderibus
1087 1645 1187 1716 agitur.
1225 1642 1277 1699 Sed
1298 1662 1350 1718 pro

428 1731 542 1802 genuini
557 1731 685 1787 carminis
701 1748 782 1787 versu
797 1730 837 1787 56
853 1731 936 1785 Hace
950 1729 986 1785 de
998 1727 1194 1801 ponderibus:
1218 1736 1349 1800 superest

425 1831 500 1884 pars
517 1816 611 1870 ultera
629 1815 722 1883 nobis,
739 1816 784 1870 hic
799 1814 967 1870 substitutus
984 1821 1027 1869 est

517 1897 601 1952 Nunc
617 1906 645 1952 et
660 1913 812 1953 mensurus
828 1899 962 1952 dieamus
978 1900 1216 1965 conministrum

429 1990 585 2055 sequuntur
599 1999 695 2038 versus
710 1984 823 2056 genuini
839 1980 967 2039 carminis
981 1981 1137 2055 57-121;
1155 1989 1213 2037 tum
1226 1998 1277 2056 pro
1290 1997 1351 2038 ver·

429 2066 506 2123 sibus
523 2064 584 2121 122
600 2075 628 2122 et
644 2066 705 2123 123
720 2068 787 2123 baec
802 2060 933 2139 leguntur

513 2150 596 2207 Haec
613 2151 649 2207 de
663 2156 808 2209 mensuris
822 2150 875 2208 tibi
890 2154 949 2206 sint
964 2164 1039 2222 quae
1053 2154 1138 2225 signu
1152 2154 1298 2224 requiris,·

427 2227 568 2309 postremo
594 2244 685 2293 autem
707 2237 791 2293 additi
813 2244 877 2291 sunt
897 2235 994 2309 viginti
1015 2235 1054 2289 ilii
1076 2252 1172 2292 versus
1192 2235 1225 2290 de
1244 2234 1349 2309 ponde·

427 2319 504 2376 ribus
530 2321 577 2393 qui
599 2322 626 2376 iu
642 2328 738 2378 nostra
753 2321 873 2377 editione
888 2320 979 2376 locum
994 2318 1094 2375 habent
1110 2320 1257 2392 fragmenti
1275 2319 1346 2376 121.

426 2403 519 2474 Quos,
549 2412 580 2460 ut
605 2405 674 2476 dixi,
706 2407 766 2479 ipse
793 2405 925 2477 descripsi
952 2420 967 2460 e
991 2403 1050 2459 cod.
1073 2404 1157 2460 Paris.
1185 2403 1266 2461 7461
1289 2403 1347 2476 (Α),

371 2491 373 2495 ’
426 2497 454 2544 ct
477 2489 604 2545 adnotavi
625 2491 725 2549 variam
748 2489 913 2564 scripturam
932 2487 1033 2545 codicis
1056 2489 1177 2544 Thuanei
1199 2505 1214 2544 a
1237 2487 1346 2562 Meyero

425 2574 501 2629 citati
522 2573 615 2647 (Pleu).
658 2573 766 2630 Etenim
786 2575 867 2630 iidem
889 2589 984 2630 versus
1005 2573 1033 2628 in
1055 2575 1107 2629 tria
1129 2573 1284 2645 fragmenta
1306 2573 1347 2628 di·

425 2661 521 2715 stracti
536 2659 668 2732 leguntur
682 2660 711 2714 in
718 2659 885 2731 Anthologia
898 2659 1094 2713 burmanniana
1109 2655 1191 2729 (apud
1205 2655 1346 2728 Meyerum

426 2759 508 2798 carm.
533 2741 720 2813 tuos-68).
766 2743 827 2816 lpsc
852 2749 943 2798 autem
963 2741 1132 2797 Burmannus
1162 2739 1263 2812 quihus
1282 2740 1347 2798 sub·

425 2825 501 2881 sidiis
524 2841 590 2880 usus
613 2826 664 2895 sit,
686 2825 753 2882 haec
774 2826 832 2881 eius
854 2825 933 2881 verba
954 2825 1093 2883 declarant
1111 2819 1231 2900 (Anthol.
1252 2823 1344 2880 Bnrm.

424 2909 475 2965 vol.
491 2908 513 2964 it
527 2927 556 2984 p.
571 2904 659 2985 totj:
682 2908 754 2966 ‘trio
774 2911 848 2966 boec
874 2914 1084 2983 cpiprommuto
1102 2940 1134 2950 -
1158 2925 1196 2965 ee
1211 2913 1345 2965 uetustis-

424 2998 495 3049 simo
518 2996 621 3052 codice
636 2994 666 3049 S.
681 2995 832 3063 Germani,
856 2999 887 3051 in
909 3011 964 3068 quo
987 2995 1152 3066 subscripto
1173 2992 1346 3067 tepebantur

424 3078 563 3136 Ilbemnio
579 3079 694 3136 Fannio
709 3080 745 3135 ‹lc
757 3080 948 3152 ponderibus,
968 3084 999 3134 in
1018 3096 1087 3135 suns
1101 3079 1227 3135 soledus
1244 3083 1341 3136 conie-

424 3177 508 3222 cerot
523 3164 558 3220 Ν.
573 3165 726 3235 Heinsius,
744 3179 758 3219 e
773 3164 877 3238 quibus
893 3181 927 3220 ea
942 3164 988 3220 liis
1002 3167 1131 3232 inserui,
1147 3179 1184 3218 ne
1196 3168 1344 3235 perirent.

424 3248 526 3304 eudem
544 3250 705 3320 aliquando
727 3251 873 3321 descripsi
885 3250 995 3306 Leidac
1015 3265 1052 3304 ee
1069 3250 1171 3305 codice
1192 3247 1346 3321 Vossiono,

423 3338 454 3389 in
477 3350 532 3405 quo
552 3349 612 3389 uno
626 3341 727 3390 tenore
742 3339 802 3391 trio
822 3336 897 3392 buce
921 3337 1081 3390 coniuncto
1103 3334 1287 3408 legebantur.
1307 3363 1342 3374 —

422 3434 509 3473 versu
525 3423 623 3492 primo
645 3419 727 3475 edidi
739 3418 819 3475 Libra
834 3418 876 3474 vei
892 3438 920 3477 as
939 3435 995 3492 pro
1014 3422 1122 3476 uitiosa
1141 3420 1254 3476 codicis
1269 3421 1345 3476 seri·

420 3511 512 3575 ptura
533 3502 649 3561 Libratis
672 3520 701 3560 as
725 3511 753 3558 et
774 3502 836 3560 ud
858 3513 976 3563 retracta
995 3521 1053 3577 pro
1077 3505 1214 3563 tetractc’.
1246 3503 1285 3560 Ex
1301 3503 1344 3558 iris

421 3589 568 3645 Bnrmanui
581 3588 671 3646 verbis
686 3606 752 3646 sane
765 3589 895 3661 cognosci
911 3606 965 3645 non
980 3596 1082 3662 potest,
1100 3598 1194 3647 utrum
1212 3589 1345 3644 codicem

422 3673 465 3730 his
488 3672 595 3732 duobus
613 3673 682 3730 locis
699 3673 732 3732 ad
750 3690 820 3747 quos
837 3675 923 3730 varias
940 3675 1090 3747 scripturas
1108 3673 1188 3730 aliert
1202 3672 1345 3728 intellexe-

422 3758 468 3814 rit.
506 3755 585 3829 Quod
604 3766 667 3817 utut
681 3766 739 3829 est,
753 3755 870 3830 reliquis
884 3757 954 3816 locis
971 3757 1116 3816 Burmanni
1131 3759 1270 3831 scriptura
1285 3772 1344 3814 eam
