3534 4400
499 393 542 459 84
786 414 827 454 ux
848 412 1008 455 rmscraur
1028 412 1126 454 craso
1341 390 1422 475 [118]

500 548 631 609 sicilicus
654 544 776 626 scripuli
800 564 860 616 sex,
885 543 998 607 sextula
1021 545 1145 625 scripuli
1159 553 1309 623 quattuor,
1333 546 1423 607 dimi·

501 650 547 710 dia
571 647 685 710 sertula
708 648 830 725 scripuli
852 646 922 707 duo.
958 664 1064 707 rursus
1085 645 1200 708 sextula
1219 656 1249 708 et
1264 646 1423 709 dimidium

501 749 634 813 sextulae
663 748 793 810 sicilicus
821 747 996 828 appellatur.
1040 748 1189 827 scripulus
1210 749 1336 828 sibquae
1358 766 1422 809 sex.

500 852 608 931 siliqua
632 858 677 913 est
699 848 777 931 quod
800 848 904 909 dieunt
926 848 1032 910 Graeci
1054 847 1201 925 κεράτιον
1225 848 1270 911 vel
1291 848 1423 913 λεπτός.

447 916 482 1039 ῙΞ
564 954 768 1015 Necessarium
790 957 888 1011 tamen
912 952 1075 1011 existimari
1096 950 1131 1011 ad
1149 951 1353 1012 confirmanda
1369 972 1423 1013 su·

498 1072 552 1135 pra
580 1054 657 1115 dicta
685 1053 808 1113 diversis
837 1051 1009 1113 auctoribus
1037 1051 1074 1112 de
1100 1052 1146 1113 bis
1169 1052 1246 1113 dicta
1268 1051 1421 1115 subicere.

499 1157 598 1217 Livius
619 1158 651 1215 in
665 1152 800 1215 llllllllll
815 1152 851 1213 ab
875 1153 949 1214 urbe
973 1152 1107 1214 condita:
1129 1152 1343 1216 ‘multitudinis
1369 1174 1421 1215 eo-

499 1275 566 1317 rum
594 1262 801 1335 argumentum
825 1257 876 1325 sit,
907 1254 987 1334 quod
1009 1253 1150 1334 Polybius
1173 1253 1277 1315 scribit
1297 1264 1424 1318 centum

502 1358 619 1419 talentis
648 1376 713 1419 eam
740 1374 805 1418 rem
827 1356 954 1419 Achaeis
982 1358 1115 1427 stetisse,
1147 1375 1215 1417 oum
1241 1358 1426 1434 quingentos

450 1462 483 1511 10
502 1459 640 1520 denarios
670 1461 797 1537 pretium
825 1461 856 1520 in
884 1459 993 1536 capita,
1022 1458 1102 1535 quod
1123 1457 1301 1519 redderetur
1323 1458 1427 1519 domi·

501 1564 563 1631 nis,
605 1562 784 1622 statuissent.
831 1559 912 1621 mille
950 1561 1028 1620 enim
1062 1560 1205 1620 ducentos
1238 1578 1272 1620 ea
1305 1561 1428 1620 ratione

500 1662 608 1725 Achaia
636 1661 738 1745 hahuit
762 1664 892 1739 captivos
914 1660 1054 1722 italicos)
1101 1678 1159 1739 qua
1181 1662 1296 1721 ratione
1318 1669 1427 1723 osten·

501 1763 581 1825 ditur
608 1783 661 1827 sex
688 1763 769 1825 milia
798 1763 988 1824 denariorum
1017 1761 1129 1823 habere
1154 1759 1306 1823 talentum.
1352 1780 1426 1824 nam

502 1884 570 1927 oum
592 1866 735 1943 quingeui
758 1864 872 1925 deuani
894 1883 951 1944 pro
971 1862 1052 1924 mille
1073 1864 1209 1953 ducentis
1223 1864 1345 1943 captivis
1362 1863 1428 1925 dati

452 1969 483 2018 15
502 1966 678 2043 colligantur
710 1973 846 2027 sescenta
878 1965 958 2025 milia
992 1955 1199 2034 denariorum,
1234 1972 1354 2026 eentum
1388 1985 1428 2026 ea

449 2065 633 2128 reascendit
660 2065 750 2127 luisse
781 2066 900 2128 talenta.
945 2069 1107 2127 centesima
1134 2073 1232 2128 autem
1260 2084 1330 2146 pars
1360 2084 1428 2127 ses·

503 2175 656 2230 centorum
670 2167 792 2241 ,milium
815 2168 970 2230 sexmilia
993 2170 1190 2230 inveniuntur.
1231 2169 1347 2230 denarii
1371 2187 1430 2230 au-

501 2277 561 2330 tem
584 2269 635 2330 illo
654 2279 793 2350 tempore
816 2273 930 2331 nummi
954 2273 1087 2348 argentei
1109 2277 1194 2333 erant
1213 2271 1315 2348 viginti
1335 2279 1430 2349 quat·

501 2381 570 2433 tuor
592 2370 781 2452 siliquarum,
807 2372 884 2450 quod
900 2374 932 2432 in
948 2371 1054 2433 eodem
1069 2372 1147 2433 libro
1163 2372 1291 2433 ostendit
1305 2372 1428 2434 Livius:

451 2476 622 2552 rossignos
644 2476 758 2552 argenti
779 2472 937 2535 LXXXllll
959 2472 1047 2534 milia.
1061 2475 1146 2535 luere
1161 2457 1334 2535 llttioorum.
1379 2482 1430 2535 te·

501 2576 634 2637 trachma
662 2583 776 2637 vocant,
820 2577 911 2637 trium
940 2575 1004 2637 lere
1026 2574 1216 2636 denariorum
1242 2579 1275 2636 in
1298 2575 1430 2654 singulis

399 2735 400 2740 ,
502 2680 617 2755 argenti
646 2685 690 2738 est
716 2676 858 2756 pondus.'
903 2676 968 2738 ride
997 2676 1077 2756 quod
1098 2685 1238 2755 quattuor
1261 2676 1430 2738 drachmae

502 2781 561 2838 sint
583 2779 769 2858 septuaginta
793 2778 867 2839 duae
891 2779 1015 2858 siliquae
1034 2779 1217 2841 -diximus
1238 2780 1318 2840 euim
1333 2795 1430 2858 supe·

502 2880 566 2938 rius
600 2879 679 2956 quod
707 2885 769 2939 tres
796 2877 891 2949 oboli,
928 2898 1055 2960 quorum
1084 2881 1193 2958 singuli
1221 2900 1273 2942 sex
1301 2880 1430 2960 siliquas

452 2983 485 3031 25
503 2977 645 3048 habeant,
680 2979 851 3041 drachmam
879 2981 994 3042 faciunt
1024 3017 1058 3027 -
1090 2989 1150 3043 tres
1181 2988 1279 3043 autem
1308 2981 1431 3043 denarii

503 3081 583 3141 idem
604 3080 747 3150 habeant,
770 3082 800 3141 id
824 3089 868 3143 est
882 3081 987 3144 Lllllll
1002 3081 1133 3162 siliquas.
1170 3084 1250 3145 idem
1270 3084 1374 3145 Liuius
1395 3086 1430 3144 iu

503 3181 646 3243 XXXVlll
663 3182 699 3244 ab
722 3181 797 3244 urhe
821 3184 940 3246 condita
963 3185 1093 3246 ostendit
1115 3203 1255 3264 magnum
1278 3186 1428 3248 talentum

572 3438 595 3489 1.
614 3437 860 3503 scripuli·IIII·G
929 3441 953 3489 2.
972 3439 1189 3505 scripuli·11·0
1238 3441 1265 3489 4.
1283 3439 1426 3492 kerarros·

502 3519 661 3572 uolrucroc
681 3522 703 3572 G
777 3523 801 3572 8.
820 3522 992 3588 polubiuaG
1093 3527 1119 3576 9.
1133 3521 1268 3589 Achaeis]
1292 3525 1386 3575 atheia
1405 3525 1428 3574 G

504 3607 544 3658 11.
564 3604 607 3672 ec]
628 3611 656 3657 et
675 3607 696 3658 G
786 3609 827 3658 20.
850 3607 955 3674 signati
978 3610 1088 3674 argenti
1105 3609 1193 3662 cond
1265 3609 1426 3660 tetrachma

502 3691 562 3741 libri
577 3690 626 3741 VA
639 3694 710 3757 apud
721 3692 843 3756 Keilium,
862 3691 1019 3742 tethraema
1030 3695 1136 3762 Papud
1152 3695 1265 3756 madent,
1283 3697 1425 3760 tetragma

505 3775 526 3825 d
594 3778 634 3826 22.
655 3776 808 3843 dragmqtl
877 3777 910 3826 25
928 3776 1081 3842 dragma&
1149 3780 1190 3828 27.
1209 3777 1386 3830 xxxvut}
