3534 4400
624 412 825 481 sempronius
841 440 997 481 aonnuos
1257 420 1277 483 9

361 592 428 631 rere.
459 576 516 631 Sed
529 575 650 632 breviter
663 575 857 632 demonstrabo
873 593 953 649 quam
974 580 1107 635 rationem
1124 577 1218 633 Celsus
1235 594 1276 634 se·

363 669 441 719 cutus
456 677 520 715 esse
536 660 666 716 videatur.
696 660 820 735 Spatium
837 662 971 733 quoddam
988 662 1020 717 ad
1037 662 1109 736 quod
1125 663 1214 718 aditus
1229 681 1276 737 pa·

362 753 438 806 teret,
456 745 574 801 vicinum
590 747 615 800 ei
625 745 688 801 loco
701 747 746 818 qui
760 745 829 800 adiri
840 761 897 801 non
910 754 1014 819 posset,
1031 747 1135 821 pertica
1151 755 1275 803 accurate

362 829 527 885 metiendum
547 828 667 885 curabat
703 829 736 885 Et
751 835 817 901 puta
833 837 943 885 eentum
964 831 1084 904 perticas
1099 830 1127 885 in
1143 831 1274 886 directum

363 913 484 969 iuventas
500 930 571 969 esse.
609 914 645 969 lla
659 914 703 968 his
718 914 741 968 si
757 912 783 968 in
801 912 893 969 tabula
915 915 1029 987 quadarn
1045 916 1170 989 dioptrae
1186 914 1276 970 subie-

363 996 520 1053 ctalaceret
542 998 638 1071 pedem
659 1015 759 1067 unum,
783 999 835 1054 boc
850 1006 893 1053 est
908 1007 1013 1073 partem
1034 998 1222 1068 millesimam,
1245 1016 1275 1055 ac

363 1082 453 1137 deinde
476 1085 505 1137 in
527 1082 744 1138 extremitatibus
770 1090 860 1137 reatae
881 1082 957 1139 illius
978 1092 1087 1141 centum
1110 1085 1274 1159 perticarum

362 1165 444 1221 lineae
470 1166 589 1238 angulos
615 1169 759 1223 metiretur
782 1166 815 1221 ad
841 1175 946 1223 certum
973 1169 1106 1241 quoddam
1133 1175 1274 1243 punctum,
1349 1176 1351 1181 ’

362 1250 430 1321 quod
451 1250 596 1307 summitas
617 1251 747 1324 trianguli
768 1250 863 1319 fieret,
890 1269 974 1325 porro
995 1240 1137 1309 hos=dubs
1157 1252 1274 1325 angulos

362 1334 493 1407 redigeret
508 1337 538 1390 in
554 1352 613 1392 eam
629 1353 709 1409 quam
725 1336 778 1391 dixi
794 1333 914 1391 tabulam
935 1336 1027 1410 ibique
1044 1335 1210 1411 triangulum
1225 1336 1274 1393 du·

364 1427 446 1488 reret,
462 1420 580 1492 eiusque
597 1420 724 1492 trianguli
741 1422 769 1475 in
785 1418 875 1477 tabula
891 1422 988 1496 scripti
1000 1422 1084 1478 latera
1097 1420 1273 1477 subtilissime

362 1505 500 1559 metiretur
521 1504 638 1577 eamque
658 1521 813 1561 mensuram
828 1503 926 1560 millies
942 1506 1070 1577 duceret,
1086 1504 1274 1563 efficiebantur

364 1587 439 1659 pedes
460 1591 521 1644 eius
543 1588 691 1662 trianguli,
711 1588 790 1645 euius
812 1590 840 1644 in
863 1591 989 1645 terrestri
1011 1593 1099 1663 spatio
1115 1606 1199 1645 untrm
1217 1598 1274 1645 tan·

364 1673 497 1728 tummodo
512 1672 588 1727 latus
603 1669 676 1729 adire
692 1671 796 1729 liceret.
831 1672 901 1729 llioe
916 1676 1004 1739 omnia
1021 1673 1101 1730 laeile
1116 1675 1208 1746 peragi
1225 1690 1275 1747 po·

364 1763 447 1811 terant
462 1772 536 1830 quae
550 1756 649 1813 lialbus
664 1756 776 1813 sedicit
796 1766 954 1813 exsecutum
970 1773 1032 1813 esse
1045 1772 1095 1831 per
1110 1757 1243 1814 rationem
1259 1774 1273 1812 a

362 1838 434 1896 Celso
450 1836 622 1913 inventam⁵).

420 1924 497 1982 llerte
513 1924 610 1981 Celsus
625 1925 653 1980 in
669 1941 699 1981 ea
715 1941 745 1980 re
759 1942 827 2000 usus
842 1934 886 1982 est
901 1925 1019 2000 dioptra,
1035 1942 1104 2001 quae
1119 1926 1273 1982 iamdudum

364 2016 421 2065 uota
436 2019 512 2066 esset
530 2033 567 2051 ¹-
586 2027 647 2065 uam
663 2010 722 2083 ipsa
738 2011 926 2083 antiquissima
948 2028 1043 2085 groma
1058 2010 1184 2085 dioptrae
1199 2011 1272 2067 simi·

363 2088 393 2145 lis
408 2092 468 2163 luit,
483 2102 570 2167 atque
586 2095 619 2150 ad
633 2094 845 2168 perlibrationes
860 2096 985 2168 dioptrae
1002 2114 1069 2153 usus
1085 2099 1135 2153 iam
1151 2092 1213 2152 aule
1230 2094 1274 2149 Vi-

367 2178 473 2234 trnvium
489 2178 620 2252 vulgatus
636 2174 721 2251 erat⁰l
738 2210 776 2220 -
798 2180 847 2236 sed
861 2196 958 2237 uovam
974 2181 1033 2238 eius
1048 2180 1215 2238 adhibendae
1230 2198 1274 2236 ra·

367 2258 460 2318 donem
475 2263 607 2320 Romanis
623 2266 728 2338 primus
743 2265 940 2323 demonstravit
955 2265 1059 2323 Celsus.
1132 2307 1136 2316 .

419 2346 471 2420 lam
482 2365 552 2404 sero
562 2349 704 2404 redeamus
714 2349 747 2404 ad
756 2349 876 2405 Balbum.
899 2349 933 2406 Ut
943 2350 1039 2407 Celsus
1054 2367 1154 2407 novum
1171 2350 1272 2405 instru-

365 2433 441 2486 menti
455 2449 538 2488 usum
553 2434 659 2506 primus
675 2432 796 2504 tradidit,
812 2434 851 2490 ita
865 2423 1005 2506 Balbussa
1021 2435 1100 2491 Celso
1116 2433 1273 2504 institutus,

365 2511 460 2582 primus
475 2518 599 2573 omnium
614 2533 673 2574 eam
690 2535 747 2574 rem
763 2517 796 2573 ad
811 2517 956 2574 militarem
971 2535 1051 2576 usum
1066 2516 1224 2585 transtulit,
1246 2517 1272 2572 id

366 2599 433 2666 qaod
448 2603 507 2674 lpse
522 2601 602 2675 plane
618 2619 649 2658 ae
664 2601 781 2658 dilucide
797 2599 929 2677 scribit⁷).
967 2601 1030 2658 lnde
1052 2599 1248 2657 venerabili
1260 2617 1276 2654 a

366 2678 532 2756 trianguli
555 2681 674 2758 ratio⁸)
695 2686 729 2742 ab
745 2701 780 2741 eo
794 2685 937 2756 laudatur,
959 2703 1011 2759 qua
1034 2694 1122 2741 tantas
1137 2699 1181 2740 res
1196 2683 1274 2740 adse·

365 2789 560 2806 κ,-

426 2853 450 2911 b)
473 2853 514 2900 Ne
538 2852 599 2915 quis
621 2851 710 2900 minus
732 2858 808 2901 reete
832 2851 902 2902 baec
927 2849 1088 2916 intellegat,
1112 2850 1273 2914 neutiquam

368 2925 421 2962 earn
445 2924 529 2970 artem
555 2919 648 2967 docuit
670 2919 808 2968 Romanos
832 2918 943 2981 Celsus,
974 2934 1055 2984 quam
1078 2933 1128 2968 nos
1151 2918 1272 2982 trigono·

367 2984 483 3034 metriam
507 3001 652 3043 vocamus,
676 2986 724 3035 ubi
748 2986 910 3051 angulorum
934 2991 997 3037 sunt
1020 3000 1164 3035 mensurae
1189 2986 1272 3034 certis

367 3053 478 3102 numeris
497 3068 659 3117 expressam
677 3053 727 3103 sed
738 3055 926 3105 tantummodo
939 3053 967 3104 id
979 3053 1189 3114 demonstravit,
1209 3066 1273 3115 quo·

368 3115 438 3166 modo
455 3120 593 3186 triangulo
613 3119 780 3185 amplissimo
799 3124 890 3185 eique,
910 3125 941 3170 ut
958 3121 999 3170 ita
1017 3121 1117 3181 dicam,
1136 3119 1273 3181 terrestri,

368 3182 437 3232 cuius
454 3202 535 3237 unum
555 3187 628 3237 latus
647 3194 845 3246 notum‘essst,
865 3189 957 3239 simile
975 3187 1061 3238 multo
1080 3189 1168 3237 minus
1186 3186 1272 3234 trian-

369 3249 453 3325 gulum
476 3257 503 3320 ia
527 3253 625 3304 tabula
649 3256 766 3320 quodam
784 3257 904 3306 describi
926 3261 1033 3322 posset,
1058 3271 1111 3318 quo
1134 3253 1276 3304 subtiliter

370 3311 483 3389 §menso
502 3329 530 3373 et
548 3322 780 3388 multiplicatione
805 3324 884 3375 facta
906 3329 1020 3391 possent
1043 3323 1166 3372 inveniri
1181 3322 1274 3372 latera

369 3384 447 3452 apcius
464 3391 602 3442 terrestris
621 3389 761 3455 trianguli
891 3417 893 3422 v

428 3453 453 3513 t)
471 3458 503 3510 V.
519 3457 641 3508 Rudorff.
662 3457 783 3508 Gromat.
802 3459 832 3509 11
848 3476 875 3524 p.
895 3461 946 3518 336
964 3475 996 3520 s.,
1020 3458 1126 3510 Vitruv.
1144 3459 1168 3514 8.
1188 3459 1203 3507 b
1222 3455 1273 3519 (6).

429 3521 453 3582 7)
471 3525 501 3575 Ρ.
514 3528 556 3586 92,
571 3527 680 3586 11-93,
699 3529 724 3576 3.
761 3525 871 3576 Celsum
891 3542 952 3577 cum
969 3525 1058 3575 Balbo
1077 3525 1120 3575 illi
1138 3523 1211 3576 ballo
1230 3525 1273 3574 in-

370 3583 490 3664 itrfuisso
509 3593 652 3644 existimat
662 3595 849 3644 Mommsenus
865 3595 895 3645 lI
913 3611 938 3660 p.
947 3595 1014 3654 ‘1473
1033 3592 1100 3642 mibi
1117 3597 1176 3642 tota
1194 3607 1274 3658 prae·

370 3645 431 3700 lano
448 3659 530 3710 multo
549 3659 638 3710 aliter
649 3660 738 3712 Balbo
757 3661 907 3712 scribenda
925 3662 1011 3712 fuisse
1030 3661 1147 3722 videtur,
1167 3661 1192 3710 si
1210 3657 1273 3707 Cel·

369 3725 411 3767 ⁸⁰⁸
427 3734 529 3786 partem
548 3728 671 3780 eiusdem
691 3730 875 3795 expeditionis
895 3731 1024 3794 cepisset.

428 3789 454 3853 8)
475 3794 505 3846 P.
530 3799 577 3857 93,
605 3797 619 3844 l
648 3796 721 3846 haee
750 3796 894 3862 leguntur:
925 3797 1153 3860 eaprrpnondorum
1180 3793 1273 3842 deinde
