3534 4400
354 407 447 495 [141]
466 430 557 472 oncvr
569 428 682 471 veneto
697 426 889 471 rneunnnon
900 430 1196 487 hermammonem.
1220 407 1282 473 145

353 565 449 625 lasve
479 562 633 629 dividitur,
662 580 735 640 quas
761 562 895 636 heminas
922 580 1071 623 vocemus.
1116 562 1184 623 lanx
1210 582 1281 623 tero

355 664 503 726 cotuleve
525 666 554 725 in
579 664 636 723 duo
659 662 809 725 acetabula
826 663 1016 742 oxybaphere
1032 663 1176 725 dividitur.
1213 683 1280 725 eoe-

355 765 501 829 tabulum
526 764 737 843 oxybapltonve
759 765 789 825 in
813 772 873 826 tres
896 766 1018 825 cuethos
1039 764 1193 845 cyathosve
1206 761 1281 825 'divi-

356 887 434 930 sum
467 877 520 927 est.
570 866 693 926 cuatbus
721 866 877 944 cyathosve
904 875 1014 946 mystre
1046 874 1172 945 quatuor
1203 866 1280 933 lecit,

356 989 445 1050 quae
461 967 549 1047 lystra
565 966 683 1044 quidem
700 986 788 1045 saepe
803 970 978 1028 vocitarunt.
1002 968 1199 1029 cochlearium
1211 986 1281 1027 vero
1300 972 1316 1021 t

355 1072 472 1151 mpstri
489 1069 640 1131 dimidium
658 1078 711 1130 est.
749 1072 893 1129 sextarius
915 1068 1134 1147 ergo'xestesre
1148 1071 1177 1129 in
1194 1069 1282 1130 coch-

356 1175 460 1235 learia
484 1191 535 1233 sex
559 1181 588 1231 et
610 1173 767 1248 nonaginta
791 1170 921 1231 solvitur.

433 1273 483 1336 13.
513 1272 668 1335 Mensurae
700 1274 786 1333 etiam
817 1271 872 1332 olei
903 1271 1036 1334 similiter
1065 1273 1192 1345 habent,
1227 1275 1282 1334 nisi
1380 1337 1383 1345 ,

360 1376 448 1458 quod
477 1394 492 1435 e
522 1374 691 1435 centenario
720 1376 899 1453 principium
929 1373 1053 1450 hebent,
1086 1376 1163 1455 quod
1191 1374 1283 1435 libres

360 1486 488 1541 centum
517 1476 615 1537 habet.
662 1484 802 1536 metretes
831 1485 929 1536 eutem
957 1476 1086 1537 olearius
1113 1476 1202 1537 huius
1230 1477 1283 1537 du·
1302 1481 1334 1529 10

359 1581 436 1663 plus
459 1587 513 1648 est,
538 1584 652 1639 caetera
676 1595 745 1638 vero
768 1578 956 1639 concordant.
994 1596 1080 1655 quam
1102 1578 1181 1637 enim
1203 1596 1282 1637 com·

359 1682 553 1761 parationem
574 1680 755 1740 rationemve
775 1678 869 1739 librae
886 1678 1003 1759 pondus
1017 1679 1054 1738 ad
1069 1696 1168 1737 mnam
1184 1678 1281 1747 habet,

359 1784 463 1845 librae
491 1799 628 1842 mensure
658 1780 781 1841 eandem
812 1782 848 1840 ed
877 1780 1004 1840 cotulam
1032 1779 1136 1849 hebet,
1164 1782 1282 1840 sextarii

360 1885 480 1947 scilicet
500 1872 636 1964 ¹nesteeve
658 1869 821 1944 dimidium.

435 1983 484 2045 14.
508 1984 672 2047 lledimnus
700 1992 797 2044 eutem
819 1988 931 2068 Atticus
957 1984 1072 2045 modios
1095 2002 1146 2044 sex
1167 1982 1283 2044 Italicos
1302 1987 1334 2037 15

363 2090 457 2168 capit.
503 2087 618 2147 modius
644 2095 741 2148 eutem
767 2086 889 2147 hecteus
912 2095 1046 2157 vocatur,
1076 2088 1125 2165 qui
1149 2085 1208 2145 duo
1232 2086 1283 2145 he·

363 2190 514 2252 mihectea
530 2188 755 2251 semimodlosve
772 2189 846 2254 duos
861 2189 960 2250 hebet.
991 2188 1197 2249 hemiltecteon
1213 2205 1282 2249 vero

365 2291 528 2354 choenices
551 2299 676 2368 quatuor
699 2290 796 2360 hebet,
821 2291 946 2351 choenix
962 2300 1059 2351 eutem
1076 2292 1219 2349 sextarios
1234 2309 1284 2350 xe·

364 2404 466 2455 stesve
495 2392 583 2462 duos,
612 2395 654 2452 uti
680 2393 794 2452 modius
817 2395 853 2452 sit
869 2370 1073 2453 'sextariorum
1096 2399 1284 2451 creatarumve

365 2515 423 2557 sex
446 2503 475 2554 et
496 2493 608 2555 decern.
655 2502 831 2572 caeteraque
853 2499 947 2552 metra
970 2509 1163 2551 mensuraeve
1189 2492 1283 2551 sicco·
1302 2497 1335 2544 ‘to

366 2615 436 2659 rum
461 2613 528 2656 cum
551 2594 669 2673 liquidis
692 2595 775 2660 dictis
798 2592 931 2655 similiter
953 2593 1072 2653 habent.

436 2695 485 2759 15.
509 2697 705 2758 Ptolomeicus
728 2715 797 2757 vero
822 2695 988 2756 medimnus
1003 2694 1089 2753 Attici
1108 2692 1284 2770 superdimi-

369 2801 452 2861 diurn
477 2806 521 2860 est
544 2797 753 2877 sesquialterae
776 2815 826 2857 seu
849 2794 1018 2864 hemiolius,
1043 2813 1153 2874 sexque
1176 2793 1285 2854 ertebis

370 2907 501 2967 constet;
531 2900 581 2960 sed
605 2901 711 2978 priscis
734 2898 918 2978 temporibus
940 2896 1069 2965 duabus;
1094 2913 1161 2956 nem
1185 2895 1286 2956 artabe

370 3002 539 3064 modiorum
563 3000 731 3062 Italicorum
755 3010 881 3079 quatuor
904 3008 932 3060 et
948 2998 1060 3059 dimidii
1076 2998 1182 3067 lueret,
1207 3015 1284 3058 nunc
1303 3001 1336 3048 25

369 3122 441 3163 vero
458 3111 581 3180 propter
596 3103 760 3164 Romanum
777 3121 863 3163 usum
879 3099 999 3161 artabae
1015 3100 1182 3159 modiorum
1197 3100 1286 3158 trium

372 3211 451 3264 sunt.

438 3301 488 3365 16.
518 3304 612 3366 Coros
634 3324 703 3367 vero
726 3306 901 3368 Phoenicius
928 3311 1059 3364 satorum
1087 3302 1204 3379 triginta
1227 3310 1285 3369 est;

373 3413 459 3468 seton
482 3424 550 3466 vero
566 3408 810 3486 superdimidium
827 3404 1088 3485 sesquialterumre
1104 3421 1157 3464 seu
1172 3403 1286 3463 hemio-

375 3505 444 3568 lium
469 3508 559 3568 modii
582 3515 633 3568 est.
671 3516 754 3569 seton
777 3515 873 3568 autem
897 3514 1065 3566 satorumre
1086 3523 1198 3584 paucae
1220 3511 1287 3565 sunt
1304 3508 1338 3557 30

379 3609 569 3670 dill'erentiee.

444 3797 487 3848 24.
508 3797 623 3848 artabae
641 3798 680 3848 rto
732 3798 773 3846 25.
793 3793 934 3846 dimidium
947 3794 984 3844 Ro

411 3897 519 3934 somer.
540 3897 660 3932 mareon.
680 3897 711 3934 11.
1098 3874 1137 3938 10
