3534 4400
505 398 543 459 12
768 447 770 450 .
812 416 1055 458 nnonneounus
1071 417 1104 455 ns

503 556 575 628 qnid
590 571 658 627 erpo
673 570 810 608 mensuro
826 558 865 609 sit
882 554 919 608 de
934 572 992 626 quo
1007 554 1171 625 quaeritur,
1195 559 1352 608 tractemus
1369 551 1424 624 (bis

503 641 590 712 igitur
611 637 700 694 verbis
723 638 844 712 scriptor
865 638 935 694 redit
950 638 984 694 ad
998 636 1193 712 propositum).
1230 636 1288 693 lloc
1301 637 1366 693 loco
1384 636 1425 693 la·

503 723 555 781 cile
575 731 690 796 apparet
714 723 807 779 eadem
830 723 935 779 ratione
949 720 1062 778 Balbum
1082 738 1162 777 usum
1183 737 1243 777 esse
1266 738 1319 794 qua
1333 721 1424 777 Hero·

503 824 564 864 uem
580 808 608 862 iu
624 807 829 863 introductione
843 800 1048 879 geometriae⁴).
1086 806 1160 874 Quae
1174 813 1264 861 autem
1278 813 1423 879 praeterea

503 894 672 965 interposuit
686 891 720 946 de
735 890 834 947 latiore
854 906 999 951 mensurae
1021 889 1205 964 appellatione
1220 886 1250 946 ea
1266 906 1317 946 nec
1331 890 1423 947 aliena

504 984 569 1032 suut
584 993 598 1030 a
614 974 761 1049 proposito
776 992 827 1031 nee
842 990 922 1045 vero,
947 975 1000 1031 nisi
1016 974 1096 1047 plane
1112 974 1236 1031 mutilata
1251 990 1312 1031 esse
1327 975 1423 1031 existi-

502 1077 562 1116 mes
575 1059 650 1115 balbi
668 1059 758 1129 verba,
773 1060 870 1115 abesse
884 1055 1037 1133 possuntt).

570 1158 701 1233 Sequitur
715 1132 836 1233 primuni
847 1158 956 1215 brevior
971 1175 1115 1216 mensurae
1130 1158 1270 1231 definitio,
1291 1162 1370 1216 euius
1387 1160 1424 1215 si·

506 1243 579 1299 milia
596 1244 726 1300 nonnulla
742 1245 918 1299 inveniuntur
933 1245 1004 1318 apud
1016 1240 1187 1316 Heronem⁶)‚
1205 1252 1261 1300 tum
1276 1246 1334 1317 ipsa
1346 1260 1423 1299 meu·

472 1388 479 1394 ,
506 1344 631 1385 surarum
656 1327 754 1385 tabula.
799 1328 858 1384 Uno
883 1328 965 1384 verbo
992 1328 1143 1384 absolvam:
1172 1328 1268 1385 Latino
1295 1344 1423 1385 sermone

506 1412 634 1468 Graecam
650 1412 768 1486 aliquam
785 1412 904 1469 tabulam
921 1413 1036 1469 similem
1052 1414 1221 1469 Heronianac
1242 1412 1380 1469 secundae
1395 1421 1423 1469 et

505 1496 648 1552 Euclideae
669 1499 706 1552 ita
728 1498 879 1569 expressit,
902 1506 934 1553 ut
954 1514 1040 1571 pauca
1062 1504 1166 1553 tautum
1189 1512 1257 1570 quae
1273 1498 1301 1552 in
1316 1493 1421 1554 Graeco

416 1596 420 1604 ’
506 1580 631 1656 exemplo
652 1581 832 1638 abhorrerent
847 1599 861 1637 a
877 1582 1060 1638 Romanorum
1081 1599 1133 1638 usu
1155 1581 1196 1638 vel
1218 1583 1360 1638 omitteret
1381 1581 1421 1637 rel

505 1662 662 1737 muteret').

572 1902 597 1956 4)
615 1900 649 1945 ln
662 1896 816 1945 recentiore
829 1897 1001 1961 geometriae
1013 1897 1103 1949 forma
1116 1913 1187 1962 quae
1199 1898 1229 1947 in
1241 1898 1319 1948 libris
1339 1912 1422 1948 manu

505 1964 616 2028 scriptis
646 1969 738 2013 exstat
766 1962 844 2013 loeus
869 1963 918 2013 ille
940 1965 1061 2015 Heronis
1084 1967 1201 2015 maxime
1232 1964 1421 2015 memorabilis

506 2030 670 2096 appendicis
690 2032 779 2080 instar
797 2031 908 2080 additus
928 2037 978 2083 est.
1013 2032 1083 2081 Vide
1102 2033 1168 2082 Her.
1183 2048 1270 2097 geom.
1291 2049 1353 2098 cop.
1374 2034 1422 2083 106

504 2098 550 2148 vel
569 2100 597 2147 in
616 2098 659 2147 his
677 2098 865 2162 metrologiois
883 2099 1065 2164 scriptoribus
1084 2101 1117 2149 ir.
1130 2102 1156 2162 4,
1169 2102 1192 2163 2,
1213 2106 1241 2150 et
1259 2101 1333 2164 poni.
1354 2100 1419 2152 ibid.

506 2164 576 2230 prol.
589 2182 620 2248 p.
639 2168 681 2217 31.
717 2166 809 2283 Verlpa
833 2181 904 2230 quae
926 2166 1031 2249 Bqlbus
1049 2168 1174 2218 imitatus
1193 2172 1236 2218 est
1253 2175 1317 2252 sunt
1335 2168 1419 2219 haee:

507 2230 1045 2367 {tettttttntttttttftt
1058 2233 1421 2368 ttlttdtttttttt

505 2381 557 2429 μεν
574 2367 604 2418 δὲ
621 2368 676 2431 τὴν
693 2371 754 2418 τῶν
769 2367 886 2432 μέτρων
903 2366 987 2420 ἰδέαν.

572 2451 599 2516 5)
618 2451 719 2516 Spuria
739 2467 800 2502 esse
819 2454 955 2505 iudicavit
965 2455 1162 2504 Lachmaunus
1174 2455 1230 2505 looi
1244 2469 1322 2520 quem
1337 2453 1420 2521 supra

504 2519 588 2570 attuli
606 2520 691 2569 verba
710 2537 766 2570 nom
782 2537 903 2572 mensura
920 2537 1005 2586 usque
1025 2523 1060 2570 ad
1083 2525 1260 2588 loupitudtnem
1278 2526 1418 2588 appellunt.

501 2587 551 2649 At,
571 2603 687 2652 quaeso,
708 2589 857 2639 tolerarine
870 2595 984 2656 possunt
996 2590 1067 2640 duae
1080 2592 1237 2640 sententiae
1251 2607 1313 2656 erpo
1326 2592 1420 2658 nequid

504 2661 557 2704 cet.
578 2661 605 2704 et
624 2657 686 2720 quid
701 2671 764 2720 erpo
783 2662 837 2706 oet.
858 2658 950 2707 altera
964 2657 1080 2706 alteram
1094 2659 1252 2723 excipiens?
1276 2660 1336 2724 Ego
1349 2657 1419 2709 nihil

502 2722 615 2772 invenio
640 2724 669 2772 in
693 2739 725 2772 eo
748 2723 809 2773 loeo
828 2725 898 2787 quod
919 2740 935 2773 a
953 2723 1036 2774 Bulbi
1060 2725 1207 2790 eloquendi
1230 2741 1332 2792 genere
1351 2727 1418 2778 alie-

503 2804 567 2837 num
591 2790 634 2839 sit.
671 2790 725 2850 Qui
749 2791 830 2840 initio
853 2794 959 2841 omnium
980 2809 1151 2843 memororum
1169 2796 1356 2858 appellationes
1378 2795 1418 2842 in·

503 2854 616 2918 tellegit
633 2862 852 2919 protectricem,
871 2873 926 2908 non
945 2857 1074 2909 aliarum·
1104 2860 1157 2910 Sed
1177 2861 1305 2925 quoniam
1324 2863 1418 2911 stetim

502 2923 628 2970 meminit
651 2938 712 2972 esse
736 2930 884 2988 praeterea
908 2925 965 2976 elia
988 2942 1176 2978 mensurarum
1200 2944 1319 2994 genere,
1349 2928 1419 2979 baec

503 2989 627 3041 breviter
651 2990 861 3054 commemorat,
892 2994 941 3042 sed
964 2994 1091 3044 consulto
1115 2995 1245 3044 ommittit
1269 2997 1416 3061 explicere.

502 3057 586 3121 Tum,
605 3058 661 3107 nisi
678 3057 751 3108 forte
770 3059 903 3109 nonnulla
927 3061 1139 3126 interciderunt,
1164 3065 1264 3128 raptim
1289 3064 1362 3113 redit
1384 3061 1419 3113 ad

501 3127 672 3190 propositum
690 3126 784 3176 verbis
805 3130 867 3191 quid
883 3143 945 3194 erpo
963 3145 1080 3179 mensuro
1097 3134 1131 3180 sit
1149 3135 1202 3179 oet.

569 3210 596 3268 6)
615 3210 648 3261 V.
661 3210 726 3262 Dei.
741 3213 800 3263 120.
814 3212 871 3262 121,
902 3213 971 3262 Tum
980 3214 1141 3264 Heroniene
1160 3215 1257 3264 tabula
1274 3206 1316 3265 1'11
1335 3213 1419 3279 plane

501 3276 543 3324 ita
566 3278 719 3340 composita
743 3283 799 3340 est,
831 3281 1058 3343 quemadmodum
1081 3284 1221 3348 praecipit
1242 3283 1363 3346 Balbus,
1390 3285 1421 3330 ut

499 3343 785 3473 pneiorlesgrrpqneurae
804 3347 956 3398 minoribus
971 3349 1123 3415 quibusque
1138 3349 1313 3404 definiantur.
1338 3348 1419 3400 conl.

531 3427 600 3476 pro.
688 3452 694 3464 .

568 3496 593 3555 t)
612 3496 654 3545 Ad
672 3497 687 3556 ἕ
705 3500 721 3547 2
739 3497 795 3551 loci
813 3514 831 3548 a
849 3500 930 3549 nobis
950 3500 1019 3550 editi
1039 3501 1117 3556 coni„
1126 3501 1250 3552 tabulam
1263 3501 1367 3552 Heron.
1380 3501 1417 3560 11,

500 3564 513 3611 1
534 3567 562 3611 et
579 3562 743 3614 Euclideam
762 3567 785 3614 1.
818 3566 944 3617 Graecae
963 3569 1078 3632 orgyiae
1096 3570 1244 3635 respondet
1263 3569 1337 3635 apud
1353 3567 1416 3618 Bal-

499 3630 563 3699 bnrn
576 3645 683 3694 passus,
713 3633 849 3698 Reliquae
862 3649 1008 3685 mensurae
1027 3637 1102 3686 inter
1119 3653 1149 3687 se
1168 3637 1345 3700 conveniunt,
1363 3637 1416 3686 nisi

499 3696 573 3762 quod
591 3699 619 3747 in
637 3699 695 3750 tub.
713 3700 780 3753 Her.
798 3701 958 3764 miliarium,
979 3705 1009 3752 in
1025 3703 1104 3756 Eucl.
1122 3706 1207 3754 nucia
1224 3705 1327 3755 omissa
1346 3707 1414 3766 suut,

499 3765 572 3814 unde
589 3765 618 3814 in
632 3765 748 3817 Graecis
767 3768 871 3818 tabulis
890 3770 1026 3830 undecim,
1047 3771 1119 3836 opud
1136 3771 1256 3828 Balbum
1275 3772 1415 3822 duodecim
