3534 4400
358 370 433 454 [115]
699 382 916 435 ursrxreur'ro.
1005 345 1008 355 V
1229 371 1272 437 65

360 533 474 603 quarta,
504 524 580 585 duae
602 522 733 585 sextulae
758 542 828 603 pars
851 524 1000 585 tricesima
1022 532 1119 596 sexta,
1144 526 1272 587 sicilicus

360 624 577 703 quadragesima
608 633 724 698 octava,
752 623 866 685 sextula
892 627 1109 705 septuagesima
1130 625 1270 696 secunda,

359 724 472 785 dimidia
496 723 609 786 sextula
633 726 790 787 centesima
814 725 1039 804 quadragesima
1062 733 1175 804 quarta,
1198 729 1271 787 scri·

360 824 468 903 ptulum
492 826 694 887 ducentesima
718 827 898 905 octogesima
920 834 1031 889 octava.
1044 824 1137 907 ·[34.]
1153 844 1271 888 semuu·
1363 813 1366 820 ¹

359 927 400 985 cia
420 925 509 987 habet
531 924 658 987 sicilicos
681 925 769 994 duos,
799 926 927 1012 sextulas
948 934 1024 997 tres,
1047 928 1184 988 dimidias
1206 945 1270 987 sex·
1290 933 1322 982 5.

360 1025 429 1088 tulas
457 1015 528 1098 sexJ
555 1024 694 1105 scriptula
724 1025 888 1088 duodecim.
926 1024 1006 1108 [35]
1035 1028 1111 1089 duae
1140 1027 1272 1090 sextulae

360 1126 465 1188 habent
488 1117 632 1189 sicilicum
654 1137 683 1187 et
702 1126 852 1188 dimidiam
869 1125 1021 1205 sextulam,
1044 1127 1174 1191 sextulas
1190 1128 1272 1199 duas,

361 1226 489 1291 dimidias
517 1226 647 1289 sextulas
673 1227 756 1297 1111„
771 1228 912 1307 scriptula
935 1229 1007 1290 Vlll.
1038 1226 1120 1316 [36]
1145 1229 1273 1291 sicilicus

361 1326 443 1391 habet
469 1328 616 1398 sextulam
645 1336 674 1389 et
696 1328 861 1399 dimidiam,
891 1329 1028 1391 dimidias
1050 1330 1180 1392 sextulas
1201 1339 1271 1399 tres,

362 1428 494 1507 scriptula
523 1448 586 1491 sex.
619 1426 701 1510 [et]
725 1428 838 1491 sextula
864 1428 957 1492 habet
982 1430 1118 1492 dimidias
1144 1430 1273 1491 sextulas
1292 1438 1325 1484 10

363 1526 442 1599 duas,
465 1527 609 1609 scriptula
631 1538 779 1608 quattuor.
806 1527 881 1612 {384
906 1530 1026 1591 dimidia
1048 1530 1161 1593 sextula
1184 1530 1275 1591 lrabet

361 1631 494 1708 scriptula
518 1631 587 1693 duo.

397 1785 502 1897 '[d9.]
526 1816 587 1876 Has
616 1833 733 1895 quoque
761 1822 862 1893 partes
891 1815 922 1875 in
944 1822 1087 1894 qnantum
1109 1813 1181 1875 libet
1203 1814 1274 1875 divi·

364 1910 427 1973 dere
448 1918 559 1994 possis;
583 1934 684 1976 verum
707 1916 785 1992 inira
808 1934 857 1979 eas
879 1934 977 1996 neque
993 1926 1079 1977 notas
1093 1934 1189 1995 neque
1204 1934 1275 1994 pro·

367 2014 423 2088 pria
439 2016 579 2078 vocabula
602 2017 732 2077 invenies
754 2022 873 2096 praeter
896 2035 940 2078 ea.
977 2016 1129 2077 dimidium
1147 2017 1275 2095 scriptu·
1294 2022 1327 2071 15

367 2110 420 2173 lum
448 2118 535 2179 audio
567 2118 708 2195 quosdam
739 2118 965 2179 ratiocinatores
986 2117 1135 2195 simplium
1158 2136 1274 2186 vocare,
1330 2111 1334 2119 ⁸

366 2217 437 2291 quod
471 2221 527 2282 erit
562 2223 652 2280 totius
686 2220 757 2280 assis
791 2221 1027 2298 quingentesima
1060 2221 1297 2298 septuagesima·

366 2324 453 2388 sexta,
482 2337 572 2400 quam
602 2327 630 2380 et
656 2321 751 2400 ipsam
773 2330 888 2398 partem
911 2321 1024 2381 infinito
1047 2337 1187 2398 separare
1209 2338 1277 2397 pos·-

363 2415 411 2477 sis.
445 2417 521 2505 [tu]
556 2438 612 2481 nec
639 2421 763 2491 mirum,
793 2423 817 2480 si
843 2421 921 2481 inira
949 2421 1003 2481 has
1030 2430 1131 2498 partes
1158 2421 1277 2498 partitio

368 2513 435 2576 lacta
462 2529 490 2580 et
517 2520 689 2586 nominibus
716 2529 746 2582 et
773 2521 850 2580 notis
865 2526 970 2588 caret,
999 2537 1067 2579 curn
1090 2521 1177 2579 etiarn
1200 2521 1278 2578 inter
1295 2525 1329 2574 20

368 2621 529 2696 superiores
555 2623 725 2701 primasque
753 2622 913 2682 divisiones
940 2618 1106 2698 pleraeque*
1124 2626 1226 2698 partes
1249 2628 1279 2680 et

369 2721 528 2785 nominibus
552 2731 581 2784 et
602 2725 680 2784 notis
702 2731 836 2784 careant:
863 2722 965 2783 statim
988 2736 1116 2798 namque
1139 2719 1280 2782 undecim

370 2819 532 2886 undecimae
555 2841 650 2886 assem
674 2823 818 2892 efficiunt,
842 2811 971 2885 nec'aut
990 2828 1102 2883 nomen
1123 2809 1279 2902 proprium

371 2926 414 2977 aut
443 2933 541 2986 notam
574 2924 700 2994 habeut;
735 2925 859 3002 perinde
890 2923 994 2985 decem
1024 2922 1164 2984 decimae.
1210 2940 1278 2983 nam

371 3031 439 3082 noua
467 3028 540 3086 assis
569 3025 637 3086 lacit
667 3027 785 3086 unciam
803 3026 888 3086 duas
915 3024 1061 3094 sextulas;
1098 3031 1214 3094 octava,
1248 3032 1280 3083 ut
1297 3028 1330 3076 25

372 3133 451 3197 supra
472 3127 621 3188 redditum
644 3134 702 3192 est,
725 3128 877 3188 sescuncia
900 3134 1037 3195 vocatum
1061 3132 1174 3202 septem
1190 3127 1279 3201 septi·

372 3232 442 3292 mae,
471 3245 545 3307 quae
569 3234 598 3289 et
618 3229 699 3306 ipsae
721 3245 815 3289 assem
838 3225 978 3306 implent,
1002 3244 1058 3288 uec
1079 3244 1188 3288 nomeu
1210 3242 1281 3304 pro·

374 3324 461 3394 prium
482 3346 539 3391 nee
560 3337 660 3390 notam
683 3328 809 3398 habeut;
832 3336 933 3406 sextae
955 3335 1104 3389 sextantes
1122 3337 1280 3395 vocantur;

375 3465 565 3493 Ἂ-

436 3561 457 3608 l·
476 3569 503 3614 ot
520 3573 579 3616 unte
598 3563 697 3632 quarta
715 3567 775 3616 add.
797 3565 829 3622 0‚·
852 3579 969 3614 numeros
991 3566 1048 3615 otim
1069 3566 1182 3629 scriptos
1197 3564 1281 3626 fuisse

376 3633 521 3699 demonstrat
541 3649 588 3706 Mo
611 3652 668 3700 coll.
691 3665 728 3701 oa.
748 3651 779 3713 3,
809 3647 852 3698 ubi
872 3648 934 3700 libri
953 3647 1096 3699 tricesima
1118 3648 1212 3698 hadent
1229 3662 1282 3711 pru

378 3725 576 3797 quadragesime
645 3735 688 3787 24.
706 3729 782 3800 nem]
802 3735 857 3786 iam
875 3737 940 3784 coni.
958 3732 1005 3784 Mu
1271 3739 1276 3747 ’

410 3820 510 3869 scurra.
529 3833 652 3869 aanor..
672 3833 704 3870 11.
1110 3815 1132 3878 5
