3534 4400
330 431 411 515 [115]
694 450 913 494 niernrnnmo.
1124 524 1127 528 ¹
1223 435 1264 500 71

331 586 423 646 ditur.
451 581 542 665 [78]
565 582 681 645 dieitur
702 583 740 643 ita
764 600 796 643 as
818 582 952 664 quidem,
981 600 1035 645 sen
1057 583 1093 646 de
1121 586 1265 649 divisione

329 684 434 755 solidi,
460 703 522 747 seu
545 684 581 746 de
602 684 750 762 pondere,
775 702 828 745 seu
850 684 888 744 de
910 691 1063 746 numerata
1081 687 1112 745 in
1129 705 1198 749 aere
1214 706 1264 767 pe·

330 788 419 847 onnia
445 795 575 863 agatem
598 784 673 846 libra
696 793 795 846 antem
818 786 848 843 in
870 784 1013 864 pondere.
1058 789 1172 847 nummi
1195 797 1265 850 vero'

333 889 477 964 argentei
509 888 542 945 in
570 886 694 963 pecnnia
724 886 818 945 forma
840 883 960 964 publiea
982 886 1134 947 dumtaxat
1156 906 1265 949 nomen

332 988 522 1066 accipiunt„
722 1033 727 1043 .
1282 1002 1299 1052 6

399 1152 489 1235 [is]
517 1154 727 1215 Mensurarum
750 1152 873 1232 liquoris
895 1160 982 1234 atque
999 1158 1084 1233 grani
1100 1157 1266 1235 expeditior

333 1261 363 1315 et
391 1254 497 1315 forma
529 1265 560 1315 et
587 1252 745 1333 appellatio
772 1261 831 1315 est:
864 1272 933 1314 nam
962 1255 1151 1335 quadrantal,
1186 1258 1265 1336 qnod

336 1372 414 1416 nune
439 1354 586 1437 plerique
609 1353 784 1433 amphoram
807 1363 927 1424 vocant,
957 1356 1048 1417 habet
1068 1376 1160 1420 urnas
1182 1359 1264 1427 duas,

336 1454 454 1517 modios
486 1464 566 1526 tres,
596 1454 744 1517 semodios
766 1474 834 1525 sen,
864 1458 985 1535 congios
1008 1465 1092 1527 octo,
1122 1461 1265 1520 sestarios

337 1556 541 1633 quadraginta
563 1563 646 1625 octo,
670 1556 804 1617 heminas
827 1559 985 1634 nonaginta
1008 1574 1075 1627 sex,
1099 1560 1264 1637 quartarios
1283 1574 1319 1623 10

335 1663 457 1717 centum
491 1658 655 1734 nonaginta
684 1654 759 1727 duo,
794 1654 915 1735 cyathos
943 1657 1120 1735 quingentos
1148 1666 1266 1736 septua-

336 1758 417 1831 ginta
440 1775 508 1819 sex.
521 1737 616 1839 4[80.]
639 1763 726 1817 notae
749 1774 971 1818 mensurarum:
999 1824 1006 1847 x

594 1872 794 1953 quadrantalis
944 1895 974 1951 qr

592 2009 686 2053 urnae
934 2010 974 2069 lp·

593 2108 684 2170 modii
945 2098 999 2194 (lp

962 2216 974 2242 0

595 2227 719 2288 semodii
946 2244 1001 2312 (ηε
1072 2249 1077 2256 ’
1126 2267 1130 2278 .

594 2345 690 2422 congii
902 2342 973 2417 ,ἦ
1070 2362 1073 2366 ’

593 2446 712 2505 sextarii
735 2445 772 2505 ad
793 2446 893 2505 vinnm
943 2461 959 2506 2

733 2545 769 2606 ad
792 2561 918 2624 granum
942 2545 993 2622 Σ)
1039 2532 1042 2538 ’

592 2645 729 2707 heminae
942 2655 966 2720 Q

595 2746 737 2825 quartarii
941 2745 999 2813 tm

594 2847 689 2926 cyathi
942 2853 975 2906 ΤΙ

349 2956 427 3043 [81]
445 2965 579 3026 Partium
596 2971 624 3025 et
638 2965 755 3025 numeri
770 2964 912 3026 naturalis
931 2983 1017 3027 causa
1038 2966 1139 3033 durat,
1164 2983 1266 3044 qnam-

350 3060 389 3120 vis
415 3065 588 3126 nominibus
617 3064 696 3144 apud
718 3083 849 3144 quasque
871 3074 975 3146 gentes
1003 3055 1148 3126 differant.
1194 3083 1267 3143 pon-

350 3157 427 3224 deris
455 3175 485 3226 et
511 3182 718 3228 mensurarum
744 3166 849 3226 modus
871 3168 1002 3228 incertus
1024 3174 1083 3235 est:
1113 3183 1180 3226 nam
1204 3167 1267 3226 eius
1284 3185 1319 3234 25

352 3249 499 3340 dispensio
522 3285 556 3328 ao
578 3266 721 3328 dimensio
746 3312 980 3328 ..........

353 3425 553 3447 Ἂ-
575 3422 584 3429 .

419 3533 443 3586 l.
462 3536 563 3588 dieitur
581 3537 642 3588 add.
656 3535 703 3586 Mo
773 3537 814 3588 11.
833 3534 966 3600 oyatosG·
1014 3537 1057 3586 23.
1076 3536 1199 3587 Pettium
1219 3543 1267 3586 ete.

356 3623 400 3664 ΟΜ.
417 3613 459 3668 Βὸ
543 3621 584 3670 24.
604 3619 677 3686 apud
695 3619 727 3671 θ’
748 3619 781 3670 ab
799 3619 920 3684 Hetbipto
942 3621 1049 3670 conatos
1071 3618 1143 3682 (aide
1160 3619 1267 3684 praefi),

359 3701 419 3756 “hul
436 3699 517 3754 ClMo
596 3703 728 3754 different
745 3702 802 3768 Mo,
820 3703 966 3754 reserato
1050 3703 1093 3752 25.
1111 3717 1176 3753 nem
1195 3697 1266 3766 eius]

358 3787 479 3836 nuiueres
498 3787 534 3838 θ’
551 3788 583 3838 ab
602 3787 720 3853 Helbipio
738 3789 845 3838 collatas
