3534 4400
732 412 920 454 PRAEFATIO.
1217 408 1280 453 XXI
1354 424 1360 445 ¹

365 548 460 617 riensi,
480 548 573 605 eadem
587 547 732 621 diligenter
747 564 874 622 expressa
890 565 904 602 a
919 547 1103 618 Lachmanno,
1122 548 1280 623 perturbata

365 641 460 689 autem
472 634 500 687 in
509 632 654 690 Mutinensi
666 631 901 704 etBambergensi.
929 634 968 688 Ac
979 632 1011 687 de
1019 632 1209 706 Bambergensi
1221 635 1282 708 qui·

363 718 426 773 dem
443 717 502 773 vide
514 717 659 773 Christium
675 736 701 791 p.
716 716 776 775 143
789 736 827 773 νε.
841 716 979 772 14-17:
994 718 1022 773 in
1033 716 1178 780 Mutinensi
1191 718 1279 775 hessis

363 810 432 858 nota
443 810 486 857 est
496 806 546 871 55,
558 802 699 859 dodrantis
709 807 764 860 551
772 843 780 871 ,
796 802 929 857 dextantis
940 806 1011 873 555,
1023 802 1136 858 deuncis
1146 808 1181 859 5²
1187 808 1221 859 5²
1229 808 1279 859 S‘.

430 887 551 943 Haecin
573 890 727 943 universum
747 887 780 943 de
800 887 874 942 notis
896 888 1014 959 partium
1036 888 1104 941 assis
1126 886 1282 943 disserenda

363 972 493 1027 suerunt:
516 972 568 1027 iam
589 972 708 1028 redimus
730 972 762 1027 ad
784 972 870 1045 ipsam
885 970 987 1027 codicis
1002 972 1147 1027 Beruensis
1164 971 1281 1027 tabulam

364 1063 394 1111 ct
416 1054 525 1129 singula
546 1060 737 1130 persequimur
756 1056 991 1131 paragraphorum
1014 1055 1115 1111 ordine.
1137 1084 1172 1095 -
1194 1054 1280 1127 312.

363 1141 394 1195 ln
410 1142 569 1196 sescunciae
584 1150 648 1197 nota
663 1141 764 1197 lineola
780 1158 848 1215 quae
866 1142 972 1196 unciam
985 1139 1120 1213 significat
1131 1141 1281 1214 peripsum

364 1221 537 1299 isperducta
557 1234 600 1281 est
622 1228 662 1282 sic
678 1224 718 1299 ἣ,
741 1225 868 1281 similiter
889 1232 972 1298 atque
993 1227 1020 1280 in
1042 1224 1135 1281 codice
1158 1225 1280 1281 Gudiano
1331 1248 1335 1265 .

364 1309 450 1383 (apud
471 1310 580 1367 Lachm.
601 1328 627 1383 p.
648 1310 727 1381 339,
750 1309 809 1382 26).
828 1340 865 1350 -
881 1309 900 1381 3
919 1308 966 1365 15.
987 1310 1102 1367 Barbara
1123 1302 1174 1365 von'
1193 1312 1281 1366 siclo-

363 1395 455 1450 sescle'
473 1396 626 1468 composita
647 1403 689 1476 cst
709 1413 741 1451 cx
757 1394 824 1451 siclo
839 1403 868 1449 et
883 1395 979 1466 seseli,
995 1396 1012 1449 i.
1029 1412 1051 1450 e.
1069 1393 1189 1463 sextula,
1216 1403 1280 1450 nota

364 1479 454 1552 igitur
467 1479 548 1535 huius
565 1479 692 1554 ponderis
709 1482 774 1536 haec
788 1496 848 1535 esse
864 1469 972 1549 debuit,
995 1472 1045 1549 2⁰,
1065 1495 1134 1552 quae
1152 1489 1281 1554 corrupta

363 1572 410 1619 ost
431 1566 459 1619 in
481 1564 574 1620 codice
591 1568 617 1619 in
629 1559 676 1623 Ῡδ.
696 1595 732 1605 -
749 1565 831 1635 316.
848 1564 913 1619 Duo
929 1565 1016 1619 seseli
1029 1570 1093 1619 sunt
1109 1563 1177 1619 duae
1192 1571 1283 1619 sentu-

363 1651 427 1718 lae,
448 1666 562 1722 quarum
582 1657 647 1704 nota
663 1664 678 1703 ε
693 1649 763 1705 binis
778 1665 797 1706 υ
813 1650 840 1704 in
859 1649 952 1704 codice
967 1649 1039 1703 launo
1053 1647 1112 1701 fere
1127 1648 1156 1701 in
1171 1646 1281 1702 modum

364 1740 509 1789 contracta
524 1742 576 1802 est,
596 1749 634 1803 tu,
650 1734 697 1789 sed
713 1742 850 1789 extremus
866 1734 963 1788 ductus
979 1731 1012 1787 ad
1027 1731 1283 1805 dexterampartem

363 1817 451 1891 paulo
474 1818 625 1891 productus
647 1827 697 1875 est.
715 1848 751 1857 -
771 1818 788 1889 3
807 1818 855 1874 17.
874 1818 971 1872 Sicine
993 1825 1035 1871 est
1051 1814 1183 1886 sicilicus,
1206 1815 1283 1871 ouius
1337 1827 1339 1840 ¹

364 1906 474 1974 integra
495 1911 561 1959 nota
584 1910 629 1958 est
644 1897 687 1983 2,
705 1920 774 1976 quae
794 1902 834 1959 sic
853 1910 983 1976 corrupta
1003 1902 1031 1956 iu
1052 1900 1159 1970 codice,
1181 1893 1222 1961 it.
1244 1930 1281 1940 —

363 1987 384 2057 3
402 1986 452 2043 18.
469 1987 562 2043 Sescle'
578 1996 620 2042 est
642 1987 761 2057 sertula,
781 1987 858 2043 cuius
873 1987 1011 2061 antiquam
1033 1993 1124 2042 notam
1139 1982 1165 2057 1
1183 1985 1284 2041 habent
1363 2010 1366 2019 ·

364 2072 497 2127 Maeciani
511 2072 586 2141 libri,
603 2071 717 2127 similem
734 2073 817 2129 codex
830 2072 967 2128 Gudianus
983 2070 1155 2143 (Lachmann.
1170 2088 1198 2144 p.
1210 2070 1297 2148 339„

365 2155 436 2228 21);
452 2156 589 2214 recentior
603 2164 668 2212 nota
684 2172 703 2214 υ
718 2166 807 2214 exstat
820 2159 847 2212 in
865 2157 957 2213 codice
968 2156 1159 2228 Bamhergensi
1174 2154 1282 2228 (Christ.

364 2259 393 2315 p.
413 2241 472 2298 143
489 2240 567 2317 extr'.)
586 2249 613 2297 et
629 2242 781 2298 Mutinensi.
813 2243 843 2298 In
864 2241 994 2298 Beruensi
1016 2243 1055 2297 sic
1076 2241 1132 2295 iere
1154 2246 1283 2314 corrupte

365 2326 511 2399 scriptum,
530 2321 569 2385 Ι..
583 2346 589 2380 :
605 2343 657 2400 ego
672 2326 741 2383 edidi
757 2344 776 2384 υ
791 2329 987 2385 convenienter
1002 2343 1061 2382 cum
1078 2333 1143 2381 nota
1158 2325 1282 2382 binarum

366 2411 545 2466 scutularum.
562 2440 599 2450 -
616 2410 634 2480 3
652 2411 699 2467 19.
716 2412 844 2468 dimidiae
865 2413 986 2467 sextulae
1007 2419 1072 2466 nota
1088 2413 1115 2466 in
1134 2410 1226 2466 codice
1242 2415 1285 2463 est

370 2499 409 2562 1¹3
433 2512 485 2570 ego
507 2493 617 2550 eandem
638 2504 730 2551 notam
753 2497 822 2552 edidi
844 2503 926 2568 atque
953 2494 1023 2568 apud
1042 2495 1222 2563 Maecianum,
1246 2494 1282 2564 ὃς.

362 2611 410 2623 --
425 2579 443 2651 3
461 2579 509 2637 20.
533 2579 664 2652 Scriptuli
686 2587 750 2637 nota
765 2577 806 2656 Q
822 2581 915 2636 eadem
933 2586 1015 2651 atque
1033 2579 1103 2650 apud
1119 2577 1284 2632 Maecianum

363 2665 471 2738 legitur
494 2663 521 2718 iu
549 2663 657 2734 codice,
683 2666 737 2720 nisi
760 2665 832 2738 quod
854 2663 953 2719 lineola
978 2671 1134 2717 transversa
1154 2660 1237 2734 paulo
1256 2661 1284 2715 in

365 2748 510 2822 obliquum
531 2747 611 2804 ducta
632 2756 683 2804 est.
702 2780 739 2790 —
758 2750 775 2820 3
790 2749 838 2805 21.
853 2749 902 2804 Ηίε
918 2747 1015 2820 incipit
1033 2745 1150 2803 secunda
1165 2763 1229 2820 pars
1245 2752 1285 2800 ta·

364 2833 448 2889 bulae
465 2833 570 2889 diversa
593 2851 607 2888 a
629 2835 736 2906 priore:
758 2851 790 2890 ac
804 2851 889 2908 porro
905 2827 985 2889 etiam
1004 2833 1125 2900 tertiam,
1149 2838 1285 2904 quartam,

366 2917 490 2992 quintam
506 2924 612 2990 partem
628 2918 744 2975 distinxi.
755 2917 876 2990 -322,
894 2917 1053 2988 Scridotus,
1065 2918 1081 2972 i.
1097 2935 1120 2973 e.
1136 2916 1283 2989 scripulus,

365 3004 396 3058 in
414 3003 508 3058 codice
523 3009 649 3058 exaratus
665 3011 708 3058 est
721 3019 772 3077 per
788 3004 860 3058 iiiam
876 3003 935 3058 sicli
950 3011 1041 3059 notam
1059 3018 1138 3075 quam
1156 3000 1285 3056 modoad

365 3086 444 3158 315
463 3086 589 3157 exhibui,
611 3088 659 3143 sed
680 3103 738 3142 eam
759 3087 870 3161 oblique
885 3089 1079 3161 perscriptam:
1100 3085 1188 3142 voluit
1205 3083 1285 3139 libra·

364 3172 425 3227 rius
445 3172 595 3246 genuinum
610 3169 632 3231 3
648 3171 784 3228 exhibere.
801 3173 873 3244 -3
890 3171 938 3228 23.
955 3172 1085 3244 Dragmae
1106 3178 1171 3225 nota
1192 3169 1219 3223 in
1237 3185 1285 3224 co·

365 3256 427 3312 dice
443 3264 486 3311 est
502 3250 569 3332 t.;.,
585 3265 713 3331 corrupta
729 3253 859 3315 ex<vel
875 3250 914 3317 Z’:
932 3273 984 3328 ego
999 3255 1069 3311 edidi
1084 3250 1283 3324 <.-328.

337 3344 341 3350 ’
364 3341 487 3415 Scripnli
502 3348 567 3396 nota
583 3341 610 3396 ln
628 3341 721 3399 codice
736 3342 828 3397 eadem
841 3350 884 3396 est
902 3359 932 3397 ac
947 3358 1029 3415 supra
1043 3338 1061 3409 3
1079 3339 1128 3394 22.
1158 3339 1283 3395 Ceterum

362 3424 448 3482 verba
463 3424 545 3481 huius
561 3434 589 3480 et
602 3427 702 3500 prioris
718 3425 848 3483 sectionis
865 3426 942 3482 foede
957 3423 1120 3498 interpolata
1136 3433 1214 3480 sunt:
1238 3439 1286 3478 vo·

364 3509 453 3566 luisse
468 3509 577 3564 videtur
589 3512 612 3566 is
628 3513 674 3584 qui
688 3512 794 3584 primus
809 3512 875 3567 haec
888 3511 1032 3585 adscripsit
1089 3533 1090 3536 ¹

530 3600 563 3656 ἦ
583 3594 685 3651 Obuius
700 3596 805 3651 medius
820 3595 965 3668 scripulus.

540 3676 562 3738 3
583 3679 726 3754 Scripulus
741 3680 817 3736 deur.
832 3680 851 3735 l.

532 3759 562 3839 ὅ(
586 3764 670 3834 idest
685 3765 760 3822 deur.
779 3765 808 3820 M.
