3534 4400
769 415 959 458 essentum.
1062 402 1071 411 '
1285 410 1324 459 lx

404 558 476 611 nime
492 560 583 610 tamen
599 555 712 611 meliore
727 552 851 627 exemplo
873 568 955 625 quam
976 568 1063 625 nuper
1078 552 1226 608 Christium
1241 570 1324 609 usum

403 655 474 696 esse.

470 720 540 780 120.
564 721 698 779 Carminis
719 723 751 778 de
773 720 940 796 ponderibus
963 719 1048 777 codex
1068 720 1231 794 archetypus
1251 724 1322 795 ipse,

404 806 479 861 unde
494 821 590 863 omnes
605 808 694 863 nostri
708 805 773 861 libri
788 821 869 861 manu
884 806 982 878 scripti
999 804 1114 861 derivati
1132 814 1211 873 sunt,
1232 814 1275 861 tot
1295 814 1323 861 et

407 899 460 947 tam
482 890 610 963 gravibus
629 890 735 947 mendis
760 889 920 964 inquinatus
945 890 1014 960 luit,
1042 896 1088 960 ut,
1115 889 1221 967 etiamsi
1247 888 1324 944 illum

404 974 505 1041 librum
528 976 554 1029 in
577 975 702 1030 manibus
723 973 902 1043 haberemus,
929 972 1054 1047 plurimis
1081 981 1172 1028 tannen
1196 972 1265 1029 locis
1291 974 1324 1029 de

404 1060 522 1132 genuina
537 1059 673 1132 scriptura
688 1059 823 1115 dubitatio
837 1058 1048 1131 relinqueretur.
1078 1058 1133 1112 lam
1144 1074 1210 1113 vero
1226 1072 1258 1111 ex
1272 1056 1325 1113 hoc

406 1144 485 1217 quasi
502 1144 609 1215 impuro
632 1143 709 1199 lonte
730 1142 866 1198 turbatior
887 1142 968 1198 etiam
984 1142 1089 1197 rivulus
1103 1140 1215 1215 defluxit
1233 1141 1262 1196 iu
1279 1158 1324 1197 co·

405 1227 492 1283 dicem
514 1224 590 1281 illum
613 1228 701 1283 octavi
719 1223 834 1297 saeculi,
854 1226 919 1282 olim
935 1212 1112 1293 llobiensem,
1135 1242 1208 1281 nunc
1224 1225 1324 1281 Vindo-

405 1311 570 1381 bouensem,
587 1313 664 1367 cuius
681 1312 846 1385 scripturam
866 1312 895 1366 in
910 1311 997 1367 lucem
1013 1310 1130 1383 protulit
1145 1308 1324 1367 Endllcherus

406 1392 544 1465 (Prisciani
567 1396 890 1467 grammatici-carmina.
918 1391 1151 1464 Vindob.1828).
1190 1394 1256 1450 Nam
1280 1410 1324 1449 ea·

404 1487 498 1534 aratus
514 1486 557 1533 est
571 1482 595 1534 is
614 1480 700 1536 codex
719 1496 832 1552 magna,
858 1489 890 1535 ut
910 1480 1031 1547 videtur,
1053 1477 1188 1533 scribendi
1212 1477 1323 1533 festina·

405 1565 481 1618 tione
503 1563 537 1618 ab
557 1564 668 1619 homine
689 1564 833 1619 admodum
855 1563 952 1635 ignaro
974 1572 1056 1635 atque
1073 1561 1250 1632 indulgente,
1277 1561 1322 1633 qui

404 1664 460 1702 nun
477 1647 567 1701 solum
582 1647 728 1703 oscitantia
742 1648 861 1720 plurima
876 1648 1040 1718 peccaverit,
1057 1644 1105 1699 sed
1120 1646 1212 1714 etiam,
1231 1660 1325 1717 quam·

405 1731 447 1784 nis
463 1732 506 1784 vix
519 1728 615 1784 Latina
632 1732 732 1799 sciret,
752 1730 919 1802 aliquotiens
938 1745 968 1783 ea
985 1744 1054 1801 quae
1070 1728 1098 1781 iu
1114 1728 1263 1802 archetypo
1279 1736 1326 1782 aut

405 1830 462 1867 non
486 1812 612 1868 distincte
639 1821 686 1869 aut
706 1813 866 1888 perturbate
891 1814 992 1886 scripta
1019 1820 1110 1867 essent
1135 1828 1186 1885 pro
1209 1811 1323 1867 arbitrio

406 1896 552 1951 mutaverit
571 1895 642 1968 (vide
658 1914 719 1953 cum
736 1897 805 1953 alios
820 1894 897 1954 locos
913 1905 970 1952 tum
985 1914 1023 1951 vs.
1039 1896 1095 1952 33:
1116 1913 1203 1968 quam
1219 1897 1324 1952 diacre

406 1980 543 2049 duellum,
557 1980 612 2037 76:
627 1982 683 2037 boc
694 1987 721 2037 st
734 1981 832 2051 boson,
845 1980 920 2036 112:
936 1982 1100 2036 modulatus
1114 1997 1167 2035 suo
1179 1996 1236 2052 per
1251 1995 1323 2049 esse,

407 2064 484 2122 133:
507 2070 572 2136 quis
590 2069 684 2121 minor
704 2063 838 2139 arpenti).
875 2066 1021 2122 Praeterea
1044 2082 1076 2121 en
1101 2065 1250 2139 archetypo
1277 2065 1323 2121 alii

406 2149 471 2206 libri
486 2151 589 2206 maiore
605 2167 665 2207 cum
681 2168 745 2207 cura
761 2160 789 2208 et
800 2168 814 2207 a
826 2149 1004 2224 peritioribus
1021 2149 1176 2206 hominibus
1193 2148 1324 2225 descripti

405 2242 469 2291 sunt
492 2236 567 2307 iique
589 2235 616 2289 in
640 2238 776 2292 variorum
802 2236 1041 2310 grammaticorum
1066 2251 1161 2292 nunus
1181 2241 1323 2302 venerunt,

403 2321 453 2394 'qui
472 2320 637 2376 coniecturis
653 2315 843 2394 et'corruptos
857 2319 935 2376 locos
951 2327 993 2388 et,
1010 2329 1040 2374 ut
1057 2318 1117 2375 fieri
1130 2319 1218 2389 solet⁷
1239 2319 1320 2373 etiam

405 2405 529 2474 integros
551 2411 697 2460 tentarent.
729 2405 792 2460 lnde
813 2412 881 2477 quot
906 2403 964 2458 lere
992 2411 1057 2458 sunt
1084 2403 1191 2458 codices
1212 2409 1324 2474 praeter

405 2486 578 2556 bobiensem,
594 2494 638 2541 tot
654 2488 755 2542 lormas
771 2487 904 2543 habemus
919 2487 1002 2540 huius
1018 2487 1145 2540 carminis
1161 2502 1176 2539 a
1192 2499 1325 2554 gramma-

407 2572 468 2626 ticis
486 2571 587 2644 partim
603 2570 755 2643 depravati;
771 2568 872 2643 quibus
887 2568 966 2623 libris
982 2567 1084 2622 accedit
1105 2568 1193 2640 ipsius
1207 2566 1324 2621 bobien·

405 2656 443 2710 sis
464 2657 601 2728 scriptura
622 2654 740 2710 secunda
762 2671 793 2709 ac
814 2652 912 2722 tertia,
936 2658 1052 2723 utraque
1073 2667 1104 2705 ex
1127 2650 1220 2705 eodem
1241 2649 1325 2704 inter·

405 2739 576 2812 polatiooutn
590 2729 692 2810 genere
709 2746 779 2795 orta.
807 2737 893 2793 Nobis
912 2739 939 2792 iu
955 2735 1120 2792 recensendo
1137 2735 1190 2790 ltoc
1206 2735 1324 2790 carmine

404 2840 518 2880 necesse
533 2823 620 2877 visum
637 2829 679 2877 est
693 2823 811 2896 primum
827 2839 921 2877 omnes
937 2820 1077 2876 bobiensis
1094 2818 1158 2876 libri
1172 2820 1325 2893 scripturas

404 2908 551 2975 adnotare,
568 2921 638 2978 quae
653 2906 725 2979 apud
738 2905 929 2962 dudlicberum
947 2907 1020 2960 inter
1035 2905 1156 2978 reliquas
1171 2903 1324 2960 adnotatio·

405 3008 455 3048 nes
471 2992 611 3065 dispersae
631 3007 686 3045 non
708 2992 745 3045 ita
765 2991 792 3045 in
810 2990 952 3046 oculorum
968 2988 1094 3044 obtutum
1109 2987 1224 3058 cadunt,
1245 2995 1276 3043 ut
1297 2996 1327 3043 et

404 3076 507 3132 codicis
522 3075 672 3130 auctoritas
687 3083 716 3130 et
730 3075 840 3130 criticae
855 3075 922 3128 artis
937 3075 1008 3130 ratio
1026 3074 1151 3146 requirit.
1182 3071 1324 3127 Praeterea

405 3160 520 3215 alterius
536 3160 640 3214 formae
657 3151 738 3231 quam
754 3157 944 3230 interpolatam
962 3157 1078 3213 diximus
1095 3157 1233 3229 specimen
1246 3172 1324 3228 prae·

404 3244 514 3300 bnimus
529 3259 562 3298 er
578 3242 798 3315 Guelferbytauis
815 3240 921 3296 duobus
937 3241 1076 3314 liubanis,
1092 3241 1179 3296 altero
1198 3239 1270 3311 132,
1286 3239 1324 3295 al·

403 3338 467 3384 tero
486 3327 527 3384 64
542 3327 671 3401 (utroque
687 3326 799 3382 membr.
816 3325 924 3382 saecli
942 3327 969 3380 in
985 3323 1026 3396 4),
1045 3341 1115 3398 quos
1131 3323 1216 3379 libros
1232 3324 1324 3380 admo·

403 3413 470 3468 dnm
491 3412 669 3484 neglegenter
685 3411 750 3467 olim
765 3428 779 3465 a
795 3409 984 3466 Wernsdorlio
1005 3408 1141 3464 adhibitos
1163 3424 1215 3481 ego
1233 3408 1324 3463 denuo

404 3513 468 3554 cum
481 3494 634 3552 llodlicberi
650 3496 772 3553 editione
785 3493 900 3552 contuli.
933 3490 1087 3566 Significavi
1102 3493 1264 3549 llobieusem
1278 3509 1325 3548 co·

404 3581 494 3636 dicem
508 3581 600 3636 littera
618 3580 641 3635 A
661 3579 786 3654 (primam
803 3580 862 3635 eius
877 3595 986 3634 manum
1002 3571 1049 3645 1¹,
1065 3577 1209 3632 secundam
1225 3585 1253 3631 et
1269 3583 1324 3630 ter·

405 3665 470 3721 tiam
486 3661 524 3719 A²
539 3671 567 3720 et
583 3659 641 3735 11⁸),
658 3674 713 3720 tum
730 3663 880 3720 Gudianum
895 3664 1015 3736 priorem
1032 3661 1065 3727 B,
1084 3660 1200 3715 alterum
1216 3659 1246 3713 C.
1277 3657 1324 3712 llis

405 3748 547 3807 codicibus
567 3748 665 3804 addere
686 3757 811 3822 poteram
830 3747 985 3802 Parisinurn
1008 3742 1088 3800 7211
1115 3744 1148 3799 ab
1171 3741 1324 3812 Angelonio
