3534 4400
330 400 416 484 [120]
592 422 718 464 eunucu
739 424 781 463 ns
804 416 1010 465 renueremus.
1214 404 1254 467 97

332 565 497 632 argentum
520 563 657 633 argente,
680 555 796 633 liquidis
819 574 885 617 cum
909 559 1054 633 mergitur
1075 558 1170 618 undis.
1282 562 1331 609 156

331 657 410 718 haec
436 657 539 718 eadem
563 674 639 734 puro
662 657 848 736 deprendere
870 675 1029 736 possumus
1050 677 1133 727 auro,

295 784 299 793 ·
333 761 357 820 si
381 776 440 839 par
463 758 595 837 corrupti
619 758 734 835 pondus
756 778 825 838 pars
848 757 938 819 altera
962 767 1065 836 gestet.

333 879 404 920 nam
430 861 567 939 quotiens
589 860 681 920 ternis
703 878 772 938 pars
795 859 914 921 inlibata
938 863 1068 938 gravarit

332 968 509 1039 corruptam
532 960 661 1036 dragmis
683 960 738 1021 sab
761 979 851 1039 aqua,
875 969 919 1021 tot
940 964 1035 1023 inesse
1057 962 1170 1024 notabis

334 1064 451 1141 argenti
474 1061 581 1145 libras,
606 1080 678 1141 quas
701 1063 782 1123 lraus
805 1066 976 1141 permiscuit
997 1083 1079 1126 auro.
1282 1067 1330 1116 160

335 1182 405 1241 pars
431 1166 518 1225 etiam
541 1166 660 1243 quaeris
681 1163 788 1236 librae,
812 1167 837 1225 si
859 1166 936 1227 sorte
957 1169 1100 1245 supersit,

337 1266 412 1326 baec
436 1283 554 1343 quoque
577 1265 765 1342 dragmarum
789 1266 878 1327 simili
901 1267 954 1328 tibi
976 1276 1060 1346 parte
1082 1278 1209 1329 notetur.

401 1367 544 1428 Necnon
567 1374 597 1427 ct
618 1368 680 1428 sine
704 1369 786 1445 aquis
809 1368 912 1429 eadem
935 1369 1120 1447 deprendere
1142 1361 1253 1431 lurtum

338 1486 386 1528 ars
409 1469 525 1538 docuit,
549 1486 636 1549 quam
659 1479 691 1529 tu
713 1488 828 1531 mecum
853 1472 1006 1547 experiare
1028 1471 1135 1532 licebit.

340 1588 375 1631 ex
398 1587 470 1629 auro
493 1571 578 1647 fingis
600 1569 687 1630 librili
710 1570 842 1649 pendere
865 1572 1005 1640 lumnam,
1281 1575 1330 1625 165

340 1689 451 1751 parque
474 1680 655 1749 exurgente
677 1671 771 1732 meles
793 1674 863 1738 siet:
889 1686 960 1749 ergo
984 1673 1099 1734 duobus

341 1774 439 1851 dispar
462 1774 518 1833 erit
539 1774 656 1853 pondus
679 1772 814 1852 paribus,
838 1776 904 1853 quia
928 1774 1049 1835 densius
1071 1794 1176 1835 aurum
1200 1782 1252 1835 est.

342 1874 500 1953 posthaec
523 1876 559 1934 ad
583 1875 696 1939 lancem
720 1875 837 1953 rediges
859 1871 1034 1955 pondusque
1055 1878 1190 1957 requires

345 1978 470 2054 argenti,
495 1994 561 2037 uam
585 1980 643 2037 iem
667 1985 768 2037 notum
792 1984 835 2037 est
858 1978 936 2056 qued
959 1978 1087 2039 diximus
1110 1980 1188 2049 auri,

343 2078 385 2138 lac
406 2086 435 2138 et
456 2077 486 2138 id
509 2086 632 2157 argento
655 2080 771 2156 gravius
794 2087 926 2139 sextante
948 2088 1110 2158 repertum.
1280 2081 1329 2131 170

345 2186 408 2240 lune
430 2198 502 2241 auro
526 2182 608 2241 cuins
631 2182 731 2241 vitium
755 2180 925 2260 furtumque
947 2184 1073 2260 requiris

345 2282 416 2358 lnge
439 2299 540 2359 parem
563 2283 677 2361 argenti
699 2283 825 2343 formam
847 2285 1023 2363 pondusque
1045 2292 1160 2344 notate:

347 2382 432 2446 altera
455 2403 512 2464 qun
534 2391 664 2463 praestat
686 2384 837 2463 leviorque
860 2393 904 2443 est
925 2385 1016 2444 altera
1039 2383 1131 2444 moles

346 2485 379 2544 sit
398 2487 527 2546 semissis
547 2503 637 2546 nnus:
661 2495 745 2564 potes
768 2503 804 2544 ex
825 2485 882 2544 boc
905 2485 1004 2544 dicere
1027 2492 1168 2562 quantum

346 2590 452 2664 argenti
474 2586 553 2648 fulvo
575 2588 697 2647 mimum
722 2585 833 2646 celetur
855 2588 885 2645 in
909 2603 990 2646 auro.
1280 2589 1330 2638 176

347 2705 408 2748 nam
430 2690 498 2767 quia
521 2691 671 2750 semissem
696 2687 817 2766 triplum
839 2688 980 2748 sextantis
1002 2686 1160 2758 babemus

349 2794 400 2848 tres
420 2791 539 2851 inerunt
561 2792 626 2850 auri
648 2788 756 2860 librae,
780 2789 918 2866 quodque
940 2789 1064 2868 amplius
1086 2788 1143 2850 boc
1166 2799 1223 2860 est,

349 2937 544 2951 ———-

407 3028 461 3080 155.
480 3027 509 3076 in
526 3027 638 3091 liquidis
659 3041 719 3075 cum
737 3026 863 3092 uergitur
882 3027 902 3077 0
983 3028 1039 3077 156.
1059 3028 1198 3096 depudere
1217 3027 1250 3086 B,

352 3105 552 3176 depbqndereO
624 3113 680 3162 157.
702 3105 762 3176 par]
783 3111 888 3174 parsG
956 3117 1083 3177 corrupto
1101 3115 1173 3176 vulgo
1191 3119 1251 3161 unte

350 3191 516 3247 Eadlieleerum
567 3211 633 3261 pars
651 3211 697 3245 om.
716 3202 742 3246 et
758 3197 785 3244 ia
802 3211 882 3259 uturp.
895 3197 956 3248 add.
972 3194 1005 3244 Α1
1077 3197 1134 3246 168.
1153 3193 1249 3259 ternis]

350 3280 471 3330 tersenis
488 3281 515 3330 B
566 3295 631 3345 para
649 3279 733 3332 omC
782 3278 900 3329 inlibato
915 3279 950 3344 A,
969 3279 1080 3339 illibata
1097 3280 1123 3329 B
1193 3282 1250 3333 160.

352 3365 410 3426 aqui
425 3381 487 3415 mox
506 3379 567 3414 esse
576 3365 614 3427 B,
636 3367 705 3430 eque
723 3365 824 3415 totiens
843 3364 909 3414 eeG
976 3366 1034 3415 160.
1054 3361 1131 3428 auro]
1149 3365 1189 3414 bie
1206 3366 1250 3415 de·

351 3448 435 3502 sinito
504 3452 562 3500 161.
580 3449 670 3499 librae
690 3451 804 3514 quaevis
821 3451 893 3513 uulgo
963 3451 1019 3501 1611
1038 3447 1129 3516 aquis]
1149 3450 1190 3499 lue
1207 3451 1251 3499 de-

350 3531 430 3583 sinitB
500 3535 557 3588 161.
575 3535 687 3584 densior
705 3549 771 3585 auro
789 3533 856 3597 libri,
875 3549 945 3583 carr.
955 3530 1051 3586 016661.
1062 3534 1131 3588 Mus.
1142 3534 1190 3587 nt.
1197 3533 1252 3582 XX

351 3630 373 3678 p.
389 3621 418 3669 73
491 3621 549 3669 169.
569 3635 634 3670 auro
657 3619 790 3684 typotheta
812 3619 883 3683 apud
898 3617 1091 3675 Eudle’clteruaa,
1113 3624 1251 3669 certauere

353 3703 422 3752 rodere
440 3702 519 3766 (conf.
533 3703 684 3755 Endla‘elleri
699 3702 795 3768 notam)
864 3704 922 3754 170.
940 3703 987 3751 fac
1007 3708 1035 3752 et
1045 3704 1172 3764 Dentatus,
1193 3702 1253 3751 fec-

354 3788 433 3846 queA
503 3789 560 3839 171.
580 3790 704 3853 requires
721 3787 758 3838 Al
829 3790 887 3842 174.
905 3787 992 3837 honus
1011 3785 1047 3836 Αί

380 3885 476 3928 aceras.
494 3887 615 3924 ursos.
636 3887 668 3924 11.
827 3867 831 3877 '
1104 3865 1123 3931 7
