3534 4400
690 398 839 439 sorenes
860 400 903 439 Ao
918 400 989 440 vor..
1005 400 1026 439 1.
1255 380 1314 445 151

394 528 631 593 Κωνεταντιεῑ(
653 526 677 591 ε’
692 528 785 606 μόδια
805 532 954 608 μετροῦει
973 530 1032 594 τὸν
1052 530 1213 608 μέδιμνον.
1247 532 1315 597 Πά-

395 633 463 692 φον
478 616 538 715 (sic)
558 614 593 676 δὲ
609 613 659 676 καὶ
671 612 795 679 (eselci
814 612 841 676 δ’
858 614 989 691 μοδίου(
1009 612 1100 678 αὐτοὶ
1116 620 1187 695 (lege
1203 616 1315 695 αὐτὸν)

391 716 556 776 μετρουα.
791 749 804 775 ,

469 786 527 845 261
548 806 585 843 vs.
604 788 642 843 12
666 806 717 862 pro
740 782 859 847 (ικελοί
882 789 1008 846 suadeam
1032 782 1152 861 (όλιοι,
1187 792 1314 864 quoniam

395 872 484 947 Cypri
505 872 610 929 insulae
635 874 766 948 populum
792 874 849 929 sine
871 873 953 929 <lobio
978 873 1111 930 intellexit
1133 875 1315 948 Epiphanios3

396 956 452 1012 sed
468 973 528 1013 cnm
547 952 667 1015 (ικελοί
685 968 812 1015 tueantur
835 958 940 1032 reliqua
961 959 1112 1032 fragmenta
1131 960 1315 1033 Epiphaniana

398 1036 437 1114 (v.
454 1042 508 1097 incl.
526 1060 548 1097 s.
562 1040 606 1116 ν),
621 1043 690 1099 nihil
707 1052 813 1099 mutare
830 1061 913 1100 ausus
929 1060 998 1102 sum.
1013 1074 1054 1083 -—
1069 1043 1135 1100 lhid.
1151 1061 1190 1099 vs.
1211 1043 1249 1099 14
1264 1062 1315 1119 pro

395 1120 567 1211 ‘thpoihoc
581 1123 757 1203 διαληφθὲν
774 1128 873 1183 Christ.
889 1146 916 1202 p.
932 1128 995 1185 460
1017 1129 1133 1185 coniecit
1153 1123 1337 1202 ‘Etipoiiboc‘

393 1205 570 1271 διαλέκτου
587 1208 725 1285 ληφθένε
746 1222 772 1269 st
789 1213 847 1269 vide
863 1212 978 1268 inlicem
995 1232 1017 1269 s.
1033 1208 1163 1286 Ἑβροῖε.

468 1295 528 1353 263
546 1314 587 1353 νε.
601 1297 650 1353 12.
677 1298 738 1354 lure
761 1297 880 1354 offendas
900 1298 974 1371 qood
994 1289 1042 1362 νς’
1059 1297 1168 1354 sextarii
1189 1307 1248 1354 sato
1268 1300 1317 1354 tri·
1420 1321 1426 1329 ·

398 1381 540 1451 buuntur3
557 1397 607 1438 nec
620 1382 808 1439 difficultatem
824 1382 895 1438 levat
910 1383 999 1437 versio
1011 1382 1120 1454 latina,
1137 1400 1206 1457 quae
1222 1382 1316 1439 eodem

398 1466 464 1523 loco
481 1463 513 1536 (ll
527 1484 554 1540 p.
575 1466 645 1538 102,
657 1466 686 1539 5)
704 1466 835 1537 batum,
851 1484 906 1523 non
923 1476 1022 1536 satum,
1037 1466 1156 1523 deliniat.
1189 1467 1221 1523 lit
1237 1469 1260 1523 si
1276 1467 1317 1522 in·
1340 1476 1344 1485 '

395 1550 491 1607 dicem
511 1551 727 1625 Epiphanianurn
751 1550 785 1627 (p.
806 1551 878 1622 260,
895 1550 926 1622 4)
949 1552 1095 1623 respicias,
1123 1558 1235 1625 apparet
1264 1552 1317 1607 hoc

398 1635 465 1691 loco
482 1628 641 1695 κόλλαθον
658 1636 742 1710 (quod
756 1654 828 1693 rrnnc
847 1638 948 1709 legitur
962 1654 990 1710 p.
1007 1634 1084 1705 264,
1102 1635 1153 1707 21)
1174 1635 1315 1710 expulsum

398 1721 514 1776 essetis
536 1720 604 1795 ipsis
621 1721 710 1777 verbis
729 1738 796 1795 quse
817 1721 994 1777 offensionem
1016 1736 1123 1775 movere
1142 1720 1205 1775 dixi.
1243 1717 1316 1785 Quae

396 1806 425 1859 si
449 1821 544 1861 sanare
566 1805 646 1877 velis,
676 1811 766 1881 possis
795 1806 933 1864 coniicere
955 1798 993 1862 τὸ
1020 1798 1115 1863 (άτον
1137 1795 1314 1871 κς’ξε(τῶν
1414 1837 1419 1855 ι

399 1882 540 1961 ὑπάρχει
566 1889 637 1961 (nam
659 1891 740 1948 hahet
760 1891 880 1947 modium
893 1889 1061 1945 hebraicum
1082 1906 1182 1960 unum,
1204 1890 1251 1962 qui
1272 1898 1316 1944 est
1373 1909 1376 1918 ·

398 1972 471 2029 xxtl
484 1975 680 2042 sextariorum,
696 1984 725 2032 et
739 1976 916 2050 quadrantem
931 1974 1028 2031 modii:
1050 1974 1122 2030 conl.
1138 1991 1166 2047 p.
1180 1972 1251 2044 261,
1267 1974 1314 2030 17.

400 2057 453 2113 18.
470 2055 535 2134 23);
561 2060 609 2115 sed
625 2062 712 2117 tutius
727 2070 788 2117 ess'e
803 2061 911 2118 videtur
925 2075 1045 2115 errorem
1061 2059 1253 2133 interpolatori
1269 2060 1317 2114 tri·

398 2141 487 2198 buere
503 2144 624 2218 nihilque
642 2154 756 2202 mutare.
839 2192 842 2197 .
916 2207 920 2214 ,

470 2227 531 2285 264
546 2249 586 2286 vs.
602 2231 631 2287 6.
661 2225 777 2305 Καβιθά
792 2230 958 2304 Sealigerum
978 2231 1121 2303 scripsisse
1138 2246 1188 2303 pro
1206 2222 1316 2302 (αβιθά

399 2313 516 2370 adnotat
531 2317 560 2371 G.
576 2315 737 2372 bindorlius.
755 2345 791 2356 —
809 2315 874 2371 lbid.
888 2334 925 2371 rs.
940 2314 978 2370 19
996 2315 1105 2386 corrige
1119 2311 1236 2375 ξεετῶν
1253 2308 1316 2371 {cst

398 2391 474 2456 δύο
490 2396 551 2472 (pro
564 2395 670 2473 πέντε)
687 2400 749 2457 coll.
761 2419 788 2475 p.
801 2400 898 2472 210,1
916 2406 944 2454 et
958 2399 1083 2453 versione
1097 2397 1191 2452 Latina
1207 2415 1233 2471 p.
1244 2398 1315 2466 106,

402 2481 433 2545 9·
450 2513 490 2522 -
507 2483 572 2552 lbirl
589 2503 629 2540 vs.
645 2484 684 2541 22
701 2502 751 2561 pro
770 2479 866 2542 (ἁτου
887 2484 1002 2539 forsitan
1023 2481 1087 2537 olim
1111 2483 1243 2554 scriptum
1259 2481 1316 2537 loe-

402 2569 441 2622 rit
457 2561 555 2640 βάτου
571 2569 604 2641 (v.
622 2571 676 2626 ind.
695 2590 717 2626 s.
732 2564 849 2641 (ἁτον),
865 2583 1029 2642 quamquam
1043 2564 1182 2637 vulgarem
1197 2564 1316 2638 scriptu-

401 2668 461 2708 ram
476 2659 569 2710 tuetur
583 2657 671 2712 versio
689 2655 782 2710 Latina
798 2674 825 2729 p.
842 2650 978 2725 106,14.

468 2736 529 2796 266
545 2740 610 2797 vet
626 2734 800 2812 δίδραχμον
810 2740 951 2814 typotheta
963 2737 1062 2792 erravit
1074 2727 1314 2808 ρυοδίδραγμον.

470 2821 530 2880 267
549 2842 586 2880 vs.
604 2824 634 2880 4.
653 2825 729 2880 hoelo
744 2825 789 2880 hic
804 2825 890 2880 varias
905 2824 1054 2896 scripturas
1068 2819 1123 2875 loci
1138 2817 1316 2892 Epiphanisni

403 2905 439 2961 de
458 2906 524 2964 lolle
541 2927 608 2982 quas
629 2909 763 2965 Christius
779 2925 811 2964 ex
829 2911 949 2982 quinque
965 2904 1104 2963 codicibus
1119 2904 1247 2960 Parisinis
1263 2903 1317 2958 edi·

404 2990 446 3045 dit
460 2991 487 3047 in
504 2994 698 3050 commentario
712 2995 784 3050 ether
799 2995 855 3049 den
869 2994 957 3050 Follis
971 2993 1032 3047 end
1043 2989 1144 3045 Denar
1159 2987 1317 3062 (Sittenps-

405 3075 463 3131 ber.
479 3079 506 3134 d.
519 3077 697 3134 Mstnchener
712 3079 804 3134 Atat.
822 3078 914 3136 1865.
929 3077 949 3151 l)
965 3095 991 3150 p.
1009 3075 1068 3132 145
1082 3092 1103 3129 s.
1133 3073 1219 3128 Habet
1233 3074 1317 3144 igitur

448 3163 467 3218 l.
484 3164 543 3220 cod.
561 3162 642 3221 2665
658 3179 728 3219 saec.
743 3163 800 3218 XV:
829 3156 982 3240 φόλλιτὸ
1003 3156 1052 3218 καὶ
1071 3153 1241 3233 βαλάντιον
1263 3170 1317 3214 κα-

404 3240 505 3307 λεῖται
520 3242 569 3306 ὅτι
583 3244 764 3306 διπλοῦται·
779 3243 839 3306 δύο
853 3243 915 3320 γάρ
930 3240 1004 3305 eicie
1020 3237 1151 3316 ἀργυροῖ
1166 3237 1185 3300 ὃ
1199 3235 1318 3311 γίνεται
1396 3245 1399 3255 ‘

405 3327 469 3405 51⁰)
486 3327 624 3404 δενάρια.
657 3327 768 3392 λεπτοὶ
788 3328 846 3390 δύο
868 3327 1001 3406 (pobleto
1019 3324 1097 3388 κατὰ
1116 3321 1174 3386 τὸν
1193 3325 1316 3398 δεναρι-

404 3413 484 3489 (μὸν
501 3411 576 3476 ἀλλ’
591 3411 630 3476 οὐ
645 3413 724 3476 κατὰ
738 3410 796 3476 τὸν
811 3409 1013 3491 ἀργυριεμόν.

474 3609 500 3673 6)
524 3610 570 3660 Sic
598 3608 701 3660 resolvi
729 3611 823 3658 notem
851 3621 932 3672 quem
959 3606 1098 3656 Christian
1127 3605 1257 3653 seeurste
1285 3617 1318 3651 ex

404 3695 503 3750 codice
522 3695 690 3760 descriptam
709 3692 821 3743 exhibet
838 3691 956 3741 similem
979 3690 1106 3741 ductibus
1124 3666 1183 3748 flii
1205 3686 1253 3737 sed
1270 3685 1319 3735 lit·

405 3768 485 3814 terae
505 3760 526 3813 Ν
547 3777 581 3813 ee
599 3765 642 3813 est
660 3762 748 3812 forma
767 3775 837 3824 quse
857 3757 990 3810 facillime
1009 3757 1186 3808 confunditur
1204 3769 1265 3805 cum
1284 3753 1317 3815 Η,
