3534 4400
353 408 429 494 [139]
614 426 781 468 exuemus
802 428 843 467 ax
865 426 1005 468 1smouo.
1212 405 1271 468 141

417 560 471 626 10.
489 560 617 638 Congius
633 566 737 638 quater
752 560 858 619 missus
873 558 1005 620 modium
1021 558 1158 637 complet.
1186 578 1275 640 quem

351 663 517 725 admodum
547 669 645 723 autem
674 662 711 721 de
740 663 882 737 sextario,
912 662 955 720 sic
978 661 1066 721 etde
1089 660 1188 722 modio
1212 661 1276 722 aliis

352 766 466 845 placuit
495 764 559 825 XVI
587 763 722 823 sextariis
752 762 882 823 modium
911 761 1042 840 impleri,
1072 762 1136 823 aliis
1163 761 1217 823 XX
1246 770 1276 822 et

350 866 486 938 dnobus
513 864 575 926 aliis
597 882 668 924 vero
690 863 806 924 XXIIII.

419 966 470 1029 11.
498 966 556 1027 Sed
585 966 639 1027 has
668 982 824 1026 mensuras
852 965 889 1025 ad
917 973 1018 1026 votum
1039 966 1208 1044 principum
1231 964 1311 1028 velo

354 1070 488 1131 iudicum
513 1086 578 1129 esse
602 1066 861 1145 deprehendimus
899 1065 986 1126 nobis
1006 1074 1105 1129 autem
1120 1070 1217 1128 visum
1233 1075 1278 1127 est

356 1172 448 1250 magis
478 1170 639 1231 convenire
660 1167 827 1247 ponderum
850 1168 972 1239 rationi,
1002 1186 1037 1229 eo
1060 1169 1139 1247 quod
1162 1168 1199 1228 de
1222 1170 1277 1229 mi·

357 1275 443 1333 nimis
471 1289 569 1350 usque
597 1270 634 1330 ad
656 1270 767 1330 maiora
790 1270 950 1340 ducantur,
979 1277 1013 1330 ut
1034 1273 1166 1349 primum
1188 1270 1277 1330 finem

357 1373 464 1435 lrabeat
494 1371 612 1432 modius
641 1373 671 1433 in
694 1370 857 1442 mensuris,
887 1372 963 1431 siout
984 1370 1061 1432 libra
1083 1374 1114 1431 in
1137 1371 1278 1451 ponderi·

359 1475 427 1544 hus:
464 1476 536 1555 quia
565 1474 642 1532 sicut
669 1480 826 1551 postquam
853 1476 885 1533 in
913 1472 1096 1550 ponderibus
1125 1473 1277 1551 pensando
1298 1486 1330 1533 10

357 1577 394 1637 ad
415 1576 527 1638 libram
550 1576 736 1653 pervenitur,
760 1583 858 1636 cetera
882 1592 957 1654 quae
977 1576 1089 1635 maiora
1110 1582 1180 1634 sunt
1204 1592 1278 1652 pon·

360 1678 429 1739 dere
451 1695 509 1756 per
532 1674 627 1736 librae
649 1674 923 1754 multiplicationem
944 1676 1157 1755 ponderantur,
1186 1677 1227 1736 sic
1251 1682 1281 1734 ct

363 1780 391 1839 in
413 1779 566 1840 mensuris
588 1784 744 1855 postquam
767 1776 804 1836 ad
825 1776 957 1837 modium
973 1783 1092 1845 ventum
1110 1778 1174 1847 erit,
1197 1761 1280 1856 puic-

360 1880 429 1959 quid
452 1877 585 1959 amplius
606 1877 840 1951 mensurandum
856 1884 909 1948 est,
932 1879 1023 1940 modii
1037 1878 1280 1957 multiplicatione

362 1982 524 2060 peragitur.
569 1997 637 2039 nam
660 1998 749 2060 quem
772 1978 932 2040 admodum
954 1998 970 2040 a
993 1979 1108 2041 calculo
1131 2000 1186 2059 per
1208 1980 1332 2041 cbo-15

364 2078 404 2144 lus
432 2100 467 2143 ac
497 2078 637 2161 dragmas
667 2088 825 2159 ceteraque
847 2082 979 2161 pondera
1002 2083 1038 2143 ad
1061 2079 1166 2142 libram
1188 2100 1282 2161 usque

363 2176 549 2262 pervenitur,
581 2184 625 2244 sic
652 2183 682 2243 in
707 2185 855 2245 mensuris
878 2204 894 2246 a
917 2183 1044 2246 cocleari
1066 2203 1121 2264 per
1143 2184 1282 2246 concolas

365 2294 459 2364 epotos
491 2305 530 2348 ac
563 2287 706 2346 sextarios
739 2285 775 2346 ad
808 2285 941 2346 modium
969 2304 1064 2364 usque
1090 2288 1280 2365 pertingitur.

365 2394 406 2447 est
427 2390 511 2448 enim
533 2387 664 2456 modica,
691 2394 726 2446 ut
746 2386 932 2464 praedictum
955 2394 1012 2456 est,
1036 2390 1115 2446 iuxta
1138 2388 1282 2466 quosdam

365 2491 562 2552 sextariorum
585 2488 663 2556 XVI,
693 2489 772 2549 iuxta
795 2487 939 2565 quosdam
961 2493 1059 2548 autem
1081 2487 1134 2547 XX
1157 2498 1186 2548 et
1209 2487 1281 2548 duo·
1301 2479 1334 2546 20

367 2605 439 2661 rum,
463 2590 544 2671 apud
567 2589 708 2668 quosdam
732 2605 801 2650 vero
816 2587 932 2649 XXIIII.
970 2587 1056 2648 nobis
1075 2605 1145 2646 vero
1167 2587 1283 2648 videtur

368 2707 430 2751 esse
459 2693 673 2760 rectissimum,
701 2697 734 2750 ut
762 2690 852 2751 trium
877 2689 1022 2751 librarum
1044 2689 1172 2751 sextario
1195 2689 1284 2750 vicies

369 2800 397 2850 et
417 2802 521 2871 quater
544 2791 738 2872 multiplicato
761 2792 877 2854 modius
899 2790 1072 2871 impleatur;
1096 2793 1146 2869 qui
1169 2790 1284 2851 modius
1378 2868 1381 2874 Ι

370 2893 455 2955 medii
476 2895 582 2957 talenti
604 2895 737 2972 pondere
759 2900 956 2972 coaequatur,
985 2892 1060 2953 LXX
1084 2892 1199 2953 duabus
1222 2892 1284 2953 effi·

370 2992 442 3054 citur
469 2994 572 3065 libris;
606 2997 667 3056 sive
689 3003 721 3055 ut
743 2995 872 3073 quinque
895 2993 986 3055 libras
1005 2993 1118 3054 habens
1140 2995 1285 3055 sextarius
1303 3001 1336 3050 25

372 3094 500 3160 similiter
523 3098 611 3158 vicies
634 3103 664 3157 et
686 3105 790 3174 quater
811 3095 916 3156 ductus
931 3097 1050 3157 maximi
1064 3094 1180 3171 talenti,
1197 3095 1226 3155 id
1242 3104 1286 3155 est

372 3192 444 3256 CXX
454 3196 616 3274 librarum,
630 3198 763 3276 pondere
780 3204 979 3258 mensuretur.

434 3295 483 3360 12.
508 3299 623 3362 Modius
646 3306 675 3359 et
695 3299 783 3360 semis
805 3316 911 3360 urnam
933 3300 1054 3360 faciunt.

435 3397 484 3462 13.
509 3400 649 3463 Similiter
671 3402 701 3460 in
724 3400 814 3462 aridis
834 3418 1004 3461 mensuram
1021 3418 1095 3479 quae
1112 3399 1218 3459 dicitur
1232 3397 1286 3460 ba·

377 3498 443 3558 lum.
488 3502 574 3564 batus
602 3522 672 3564 vero
701 3509 816 3563 constat
837 3502 944 3562 modiis
968 3501 1082 3562 duobus
1104 3500 1285 3580 totidemque
1303 3506 1337 3556 30

379 3605 516 3664 sextariis.

381 3711 576 3732 *Q*

444 3788 731 3856 12.mu1tiplteattone
752 3790 773 3840 G
843 3789 882 3838 19.
902 3789 1054 3854 predictum
1074 3789 1095 3839 G
