3534 4400
430 414 456 461 X
799 408 989 450 Punuunuto.

432 549 536 603 editum
550 554 578 602 et
593 563 654 603 cum
670 546 825 602 Endlicberi
840 545 911 601 libro
927 544 1057 600 collatum
1074 542 1107 599 ab
1125 542 1228 599 (trellio
1245 546 1273 599 iu
1288 562 1353 619 app.

430 634 465 687 nd
481 632 594 687 Phaedri
611 631 664 687 lab.
681 649 708 704 p.
724 630 784 685 241
801 648 833 698 s,
857 635 915 683 tum
933 627 1138 701 sangallensem
1153 627 1214 684 817
1231 646 1319 701 nuper
1337 648 1352 685 a

431 718 491 771 Car.
513 704 674 771 Sebeulelie
694 715 823 770 collatum
845 712 1049 785 (Sitzaugader.
1070 712 1097 767 d.
1119 712 1235 766 ll'e'ener
1257 713 1351 769 Aaou.

434 800 516 857 1863
538 818 565 873 p.
583 799 623 855 56
639 796 705 872 ss.);
734 799 782 854 sed
803 814 864 853 cnm
885 798 1004 852 viderem
1027 813 1075 852 eos
1094 795 1205 852 codices
1225 797 1299 853 nulla
1322 816 1353 853 re

433 885 650 958 praestantiores
670 899 731 937 esse
755 881 903 952 Gudiauis,
923 881 1000 936 nolui
1021 880 1076 936 bec
1095 881 1286 954 supplemento
1307 883 1353 939 ad-

433 970 604 1024 notationem
618 967 742 1023 criticam
759 982 874 1022 onerare
889 966 975 1037 magis
991 982 1071 1038 mam
1088 981 1193 1020 ornare.

495 1103 550 1157 lam
571 1118 636 1157 vero
659 1119 726 1175 quas
750 1101 826 1173 leges
846 1102 874 1155 in
901 1100 1073 1181 recensendo,
1093 1099 1212 1155 carmine
1241 1074 1352 1156 secutus

432 1190 500 1257 sim,
528 1186 647 1241 breviter
671 1202 815 1258 exponam.
858 1183 956 1239 lieritu
983 1201 1065 1257 supra
1091 1184 1254 1256 reprehendi
1278 1185 1352 1241 iliius
1404 1206 1408 1213 ⁴

433 1268 537 1327 librarii
558 1270 605 1343 qui
625 1269 786 1325 bobiensem
806 1269 928 1325 codicem
957 1268 1075 1323 exaravit
1100 1266 1303 1339 neglegentiam
1325 1277 1353 1324 et

436 1356 608 1428 imperitiam.
640 1353 693 1409 Sed
710 1363 799 1408 tamen
815 1371 846 1410 ea
865 1355 925 1426 ipsa
945 1353 1101 1425 ignorantia
1122 1354 1251 1406 maiorem
1268 1352 1353 1407 elficit

434 1440 515 1493 buius
529 1437 592 1493 libri
609 1439 801 1494 auctoritatem
819 1454 900 1512 quam
916 1445 1069 1492 ceterorum
1086 1436 1220 1500 omninm;
1237 1434 1307 1493 ¹nam
1326 1439 1352 1492 in

433 1525 485 1580 boe
505 1524 614 1595 quidem
630 1522 699 1577 nibil
714 1521 873 1578 coniectura
894 1522 933 1575 ita
948 1520 1119 1576 immutatum
1135 1527 1191 1589 est,
1213 1528 1243 1575 ut
1258 1521 1285 1576 id
1301 1539 1352 1595 pro

433 1623 496 1661 iero
513 1605 608 1661 haberi
623 1608 721 1681 possit.
751 1606 786 1661 Ut
800 1606 909 1679 planius
925 1604 1027 1673 dicam,
1042 1612 1089 1659 aut
1104 1605 1249 1675 genuinam
1267 1608 1353 1680 scrip·

433 1701 524 1746 turam
544 1691 675 1746 babemus
696 1691 724 1744 in
746 1689 875 1746 Bohiensi
896 1698 944 1744 ant
964 1705 995 1744 ea
1018 1688 1114 1743 menda
1136 1706 1205 1762 quae
1226 1689 1352 1745 facillime

433 1783 646 1846 cognoscantur.
682 1775 754 1845 Ergo
773 1774 863 1847 quoad
883 1773 973 1845 aliqua
995 1772 1144 1846 probabilis
1168 1774 1238 1829 ratio
1262 1774 1352 1830 allerri

433 1859 552 1935 peterit,
573 1867 620 1911 aut
641 1860 701 1930 ipsa
722 1858 864 1913 bobiensis
887 1860 1025 1928 scriptura
1046 1858 1099 1911 erit
1124 1858 1277 1929 sequenda,
1295 1866 1353 1929 aut,

433 1942 521 1998 sicubi
541 1957 599 1996 eam
615 1949 772 2014 corruptam
788 1958 849 1996 esse
864 1940 1022 2014 apparebit,
1047 1957 1077 1994 ex
1093 1941 1136 1995 his
1154 1942 1222 2014 ipsis
1237 1958 1354 2014 corrup·

434 2024 505 2080 telae
521 2026 654 2097 vestigiis·
666 2025 859 2081 elaborandum
878 2032 910 2079 nt
926 2041 987 2079 vera
1008 2023 1089 2079 lectio
1106 2026 1266 2081 inveniatur.
1298 2025 1354 2081 Nec

432 2112 526 2187 prius,
545 2126 627 2181 quam
643 2109 671 2164 id
685 2108 746 2163 fieri
763 2108 938 2164 nullomodo
955 2108 1075 2182 poterit,
1091 2110 1303 2181 confugiendum
1320 2110 1352 2165 ad

434 2193 616 2267 interpolatos
636 2192 758 2262 codices,
783 2210 900 2265 quorum
917 2194 1081 2265 scripturam
1096 2192 1251 2268 ubicunque
1266 2195 1353 2250 diver·

433 2295 490 2333 sam
507 2295 521 2332 a
536 2277 664 2333 Bohiensi
683 2279 851 2350 recepimus,
874 2294 905 2333 ea
928 2284 1002 2333 certe
1021 2277 1157 2334 dubitatio
1177 2279 1352 2352 relinquitur,

433 2365 505 2417 sitne
521 2362 567 2416 illa
584 2379 646 2418 vera
662 2362 798 2434 scriptura
811 2379 875 2418 casu
892 2362 1008 2434 quedam
1025 2361 1097 2418 felici
1114 2370 1228 2432 servata,
1244 2381 1278 2419 au
1293 2373 1353 2418 orta

434 2447 526 2501 eadem
543 2462 575 2500 ex
585 2446 705 2502 hominis
717 2447 887 2520 grammatici
902 2444 1038 2519 probabili
1052 2449 1219 2502 coniectura.
1239 2451 1277 2502 Ac
1289 2465 1352 2503 vero

433 2530 542 2611 saepius
564 2531 737 2588 coniecturas
760 2547 840 2604 quam
859 2532 974 2605 antiqua
988 2529 1068 2585 verba
1088 2533 1116 2585 in
1135 2531 1195 2586 istis
1212 2531 1353 2588 codicibus

436 2625 544 2671 exstare
560 2615 689 2671 arbitror.
722 2614 836 2688 Reliqua
851 2615 1070 2671 commodissime
1091 2616 1127 2668 ita
1147 2615 1352 2686 demonstrabo,

434 2707 476 2769 ut,
492 2698 592 2773 quibus
608 2699 677 2755 locis
695 2699 728 2752 ab
743 2699 897 2754 lindlicheri
913 2699 1032 2754 editione
1047 2698 1234 2768 discesserim,
1256 2697 1354 2771 singil-

432 2781 509 2839 latim
528 2797 690 2852 proponam.
720 2781 763 2835 Vs.
781 2783 799 2837 7
815 2782 906 2857 recepi
923 2787 1039 2838 minora
1056 2797 1087 2836 ex
1102 2781 1141 2850 A,
1161 2783 1263 2855 quippe
1280 2784 1354 2856 quod

431 2864 531 2922 melius
559 2865 724 2936 respondeat
748 2866 835 2937 priori
857 2871 954 2922 maius
973 2883 1052 2939 quarn
1073 2864 1212 2938 vulgatum
1231 2874 1352 2922 minoto.

432 2947 532 3003 lbidem
553 2950 599 3002 nil
612 2965 645 3002 ex
661 2948 755 3004 eodem
774 2949 847 3005 libro
863 2949 1005 3006 videbatur
1018 2949 1191 3006 scribendum
1208 2967 1284 3020 esse,
1306 2950 1352 3005 sed

431 3083 493 3122 cum
510 3066 547 3122 ibi
563 3032 582 3120 rl
597 3074 735 3121 exaratum
757 3083 818 3123 esse
839 3070 1031 3140 cognovissem
1051 3066 1138 3138 (unul.
1155 3068 1239 3140 prael.
1255 3087 1282 3143 p.
1297 3068 1352 3140 ill),

424 3167 488 3222 quo
508 3151 671 3224 compendio
692 3152 773 3206 etiam
793 3168 843 3224 pre
866 3153 942 3208 nibil
964 3153 1097 3207 festinans
1120 3150 1250 3208 librarius
1274 3153 1353 3209 facile

432 3233 473 3288 uti
493 3244 605 3306 posset,
628 3236 731 3291 servavi
751 3236 841 3306 nibil,
866 3237 940 3309 quod
963 3243 1037 3292 certe
1060 3245 1103 3290 est
1127 3253 1241 3292 numero
1262 3239 1353 3312 aptius

421 3317 471 3388 1(et
487 3318 559 3374 euni.
573 3337 611 3374 vs.
626 3315 707 3394 188).
722 3350 766 3362 -
783 3320 831 3375 11.
845 3337 880 3374 ve
893 3321 964 3395 apud
974 3319 1164 3376 Eudlicherum
1179 3338 1194 3376 a
1211 3323 1353 3395 typotheta
1372 3375 1377 3388 ,

422 3411 554 3457 erratum
576 3420 638 3458 esse
661 3403 747 3461 videri
769 3411 844 3460 recte
866 3405 963 3462 scribit
986 3403 1165 3461 Scheukelius
1186 3405 1204 3461 l.
1223 3423 1247 3462 c.
1268 3425 1295 3480 p.
1313 3407 1351 3463 61

421 3485 508 3551 ,adun
525 3504 576 3543 nos
591 3489 638 3544 ool
651 3488 785 3544 edidimus
803 3505 835 3543 ex
846 3491 878 3545 Α.
909 3489 1078 3564 Scripturam
1094 3489 1178 3544 lentis
1193 3499 1354 3564 vergantur

409 3576 463 3645 ,in
476 3580 552 3641 octo,
570 3590 650 3646 quam
666 3573 752 3628 altera
767 3573 892 3630 codicum
905 3573 1007 3631 familia
1022 3572 1116 3645 babet,
1129 3572 1263 3630 Christius
1275 3574 1353 3645 (llus.

424 3655 516 3713 uben.
531 3655 576 3710 llll
591 3675 618 3730 p.
637 3656 688 3727 71)
704 3665 793 3713 ortam
809 3674 869 3713 esse
884 3659 1040 3732 suspicatur
1061 3674 1093 3714 ex
1115 3659 1236 3714 lentisve
1255 3677 1354 3733 prono

430 3749 475 3794 ter
492 3749 568 3795 octo.
584 3771 626 3780 —
645 3739 694 3796 17.
713 3743 865 3815 dragmam
879 3751 904 3799 et
923 3745 961 3798 sic
977 3758 1026 3815 per
1042 3759 1059 3812 p
1075 3757 1105 3796 ea
1121 3758 1171 3798 vor
1191 3743 1294 3817 ubique
1314 3744 1354 3799 le·
1408 3789 1415 3798 .
