3534 4400
370 432 445 515 [115]
716 450 934 494 nrsrereurro.
1244 429 1287 493 69

432 582 516 665 [64.]
539 582 583 644 Ad
606 585 772 663 quinarium
797 591 825 645 et
846 583 1030 643 victoriatum
1057 584 1203 644 rationem
1226 583 1284 643 Ro·

368 704 433 747 mae
462 685 568 745 confici
595 686 711 746 nescio:
742 683 992 764 quemadmodum
1015 691 1129 753 tamen,
1159 686 1184 744 si
1204 684 1284 755 velis,

368 787 521 856 coniicias,
551 786 666 848 facilius
695 784 862 867 apparebit,
892 786 917 845 si
945 784 1027 862 prius
1056 786 1221 862 inspexeris
1249 786 1285 845 ad

367 906 456 966 quem
490 888 610 947 modum
640 886 818 949 sestertiaria
847 888 923 947 ratio
953 886 1074 954 eonfiat;
1108 893 1179 945 tunc
1206 886 1284 946 enim
1389 951 1397 960 ‚

366 988 553 1049 excurrentis
581 989 659 1048 aeris
687 985 767 1065 leges
796 986 964 1066 exemplum
992 986 1175 1047 deuariariae
1197 987 1321 1046 ratio-5

366 1090 428 1159 nis,
449 1096 480 1150 et
495 1082 646 1149 dimidiam
663 1086 769 1157 duces;¹
784 1088 830 1148 vei
845 1084 1051 1157 sestertiariae,
1068 1093 1097 1148 et
1113 1087 1283 1167 duplicabis.

431 1253 513 1337 [65.]
536 1256 580 1316 Ad
608 1257 775 1317 sestertium
805 1257 879 1316 ratio
907 1258 931 1318 si
959 1255 1081 1325 confiat,
1115 1258 1202 1317 semis
1230 1256 1286 1317 hac

367 1364 436 1417 nota
452 1356 594 1417 scribitur
615 1356 687 1425 -Τ;
711 1367 832 1418 vocatur
854 1355 951 1425 libella
975 1350 1137 1419 teruncius.
1176 1365 1220 1418 est
1234 1375 1285 1417 an·
1350 1407 1353 1411 .

366 1468 426 1519 tem
443 1456 543 1517 libella
566 1460 693 1519 sestertii
716 1459 828 1525 decima
844 1476 930 1536 pars,
954 1460 1105 1519 teruncius
1120 1459 1285 1537 quadrage·
1390 1506 1394 1516 ,

365 1558 457 1628 sima,
481 1576 556 1636 quae
579 1559 657 1631 duae·
676 1567 776 1637 partes
798 1561 915 1620 iunctae
937 1568 1068 1619 octavam
1092 1562 1233 1629 sestertii,
1255 1560 1284 1619 id
1306 1566 1338 1615 10

366 1667 410 1721 est
429 1661 582 1721 semissem
591 1706 605 1742 ,⁴
623 1660 768 1728 eideiunt;
792 1677 861 1719 nam
882 1667 948 1719 octo
970 1657 1092 1729 libellis,
1114 1660 1142 1719 id
1159 1666 1204 1719 est
1219 1666 1285 1720 octo

364 1760 504 1828 decimis,
538 1760 666 1821 teruncii
694 1765 776 1829 octo.
811 1760 841 1819 id
871 1766 915 1820 est
943 1768 1010 1821 octo
1044 1760 1286 1838 quadragesimae

364 1864 457 1939 (quae
483 1861 557 1921 fiunt
584 1868 722 1940 quattuor
751 1861 919 1945 vicesimae,
953 1861 1011 1921 hoc
1038 1868 1084 1921 est
1110 1860 1184 1921 duae
1207 1860 1286 1921 deoi-

364 1963 447 2037 mae)
469 1960 601 2021 adiectae
623 1960 773 2039 complent
794 1962 971 2022 sestertium.
996 1958 1072 2042 [oon
1117 1970 1185 2022 sunt
1207 1962 1286 2022 enim

363 2064 395 2124 iu
419 2060 695 2122 sestertio'iibedae
717 2064 835 2131 decem,
859 2062 992 2140 singulae
1014 2063 1130 2139 viginti,
1160 2064 1286 2131 teruncii
1305 2072 1338 2122 15

363 2160 571 2242 quadraginta.
597 2160 677 2244 [dt]
706 2151 781 2225 inira
809 2165 962 2227 semissem
990 2182 1079 2246 nemo
1103 2171 1215 2226 temere
1237 2182 1285 2226 ra·

361 2265 476 2325 tionem
499 2265 707 2326 sestertiariam
731 2266 819 2327 ducit.
860 2273 958 2345 potest
979 2274 1092 2328 tamen:
1122 2284 1190 2326 nam
1214 2285 1286 2344 qua·

361 2367 470 2434 draus,
507 2367 556 2444 qui
584 2372 627 2426 est
656 2382 725 2445 pars
753 2367 969 2428 sextadecima
998 2367 1139 2435 sestertii,
1176 2368 1287 2444 poterit

360 2467 462 2534 notari
478 2466 607 2544 singula,
632 2483 708 2543 quae
730 2475 774 2527 est
795 2468 932 2527 vicesima
955 2469 1096 2537 sestertii,
1120 2475 1150 2528 et
1165 2467 1285 2526 dimidio

360 2567 518 2636 terunciu,
549 2567 597 2645 qui
627 2575 671 2628 est
692 2568 871 2645 octogesima
894 2568 1036 2635 sestertii;
1068 2585 1137 2626 nam
1159 2549 1285 2644 utraque
1303 2575 1336 2626 20

361 2669 440 2729 haee
453 2685 534 2745 pars
556 2668 656 2726 iuncta
677 2666 767 2749 efficit
787 2675 900 2728 sextam
916 2666 1070 2727 decimam.
1087 2664 1169 2747 [68]
1185 2684 1217 2728 as
1231 2684 1285 2726 no-

360 2769 420 2830 tari
451 2765 538 2828 dehet
565 2763 656 2831 ΞΣ.
701 2766 775 2829 haee
803 2768 839 2828 ad
868 2769 1037 2830 sestertium
1065 2776 1134 2830 nota
1165 2776 1285 2829 vocatur

361 2869 441 2930 duae
464 2866 582 2929 libeiiae
605 2867 735 2948 singula:
758 2869 831 2936 fiunt
853 2868 928 2930 duae
945 2865 1077 2930 decimae
1093 2878 1122 2930 et
1137 2871 1283 2939 vicesima,
1359 2851 1365 2859 ⁹

359 2970 422 3030 hoe
445 2976 489 3028 est
511 2951 613 3048 quarta
637 2986 706 3047 pars
729 2971 872 3038 sestertii;-
894 2987 962 3030 nam
978 2978 1082 3049 quater
1097 2968 1183 3032 binae
1199 2969 1284 3030 libel·

360 3070 410 3130 lae
439 3077 506 3128 outo
534 3071 608 3130 fiunt
638 3070 785 3138 decimae;
816 3077 956 3152 quattuor
983 3069 1115 3146 singulae
1143 3077 1336 3149 quattuorue
1400 3058 1402 3063 ’

360 3171 439 3231 iinnt
461 3170 630 3240 vicesimae,
655 3169 711 3256 hoc
735 3177 778 3230 est
796 3168 871 3231 duae
888 3170 1033 3240 decimae,
1058 3189 1133 3250 quae
1148 3162 1283 3250 superioss

359 3269 449 3331 ribus
470 3271 589 3331 iunctae
611 3272 779 3334 sestertium
804 3269 962 3350 complent.
980 3268 1062 3352 [69]
1078 3290 1110 3334 as
1126 3261 1216 3333 semis
1231 3290 1284 3332 no·

361 3372 421 3434 tari
447 3369 536 3432 debet
559 3367 707 3442 Ξ·ΣΤ,
738 3378 859 3432 vocatur
880 3380 943 3432 tres
956 3367 1081 3434 'libeliae
1103 3372 1217 3456 singula
1241 3381 1283 3435 te·

360 3472 502 3540 ruricius,
538 3481 567 3533 et
594 3482 663 3534 sunt
690 3480 751 3534 tres
779 3472 927 3543 decimae,
959 3491 1017 3534 una
1042 3475 1194 3545 vicesima,
1223 3494 1282 3537 una

362 3573 606 3651 quadragesima,
631 3573 688 3633 hoc
711 3580 755 3634 est
778 3581 879 3652 quarta
902 3581 931 3634 et
952 3581 1052 3635 octava
1068 3577 1210 3643 sestertii;
1234 3594 1282 3636 su·
1301 3593 1334 3642 30

363 3682 488 3750 pereunt
511 3680 630 3734 octavae
653 3672 797 3751 quinque,
821 3675 849 3733 id
869 3679 914 3734 est
928 3676 1065 3736 semisses
1080 3677 1227 3755 quinque,
1251 3683 1284 3736 ut

363 3773 534 3852 compleant
560 3771 737 3836 sestertium}
763 3771 843 3856 [tu]
868 3773 1038 3852 dupundius
1066 3777 1122 3837 hac
1151 3782 1221 3846 nota
1243 3774 1281 3852 S;
