3534 4400
537 374 577 438 98
781 396 906 439 cannen
926 397 969 437 no
990 395 1199 437 1111111111.
1368 372 1430 455 [itt]

537 540 806 608 quantumcumque
828 531 900 599 1111,
924 527 1005 589 lraus
1026 527 1057 587 id
1079 528 1254 607 permiscuit
1276 545 1356 587 auro.
1471 531 1473 584 l

536 649 698 709 causaque,
722 647 775 691 cur
789 631 829 689 ita
845 631 898 698 sit,
920 637 1058 709 prompta
1080 635 1140 697 est,
1163 630 1188 689 si
1210 629 1325 689 discere
1346 645 1430 687 verum

461 733 510 783 180
535 750 594 791 non
618 733 717 810 pigeat
739 739 930 809 veterumque
953 731 1066 790 animos
1087 730 1244 791 intendere
1267 729 1381 789 chartis.
1471 745 1472 758 ¹

535 851 602 893 nam
625 834 650 893 si
673 830 838 911 disparibus
860 811 1287 901 1111111111111111111111111111,

535 942 632 996 servat
652 930 823 1013 inaequales
844 933 962 1003 itidem,
985 939 1158 1010 tantumque
1180 931 1313 992 mauebit

525 1036 691 1097 discrimen
714 1040 857 1114 quantum
880 1033 977 1094 luerat
997 1036 1096 1111 prius,
1119 1033 1210 1111 idque
1232 1031 1362 1103 notabis,

533 1138 646 1196 sivein
669 1133 852 1213 temporibus
875 1152 1016 1213 quaeras,
1040 1153 1091 1196 seu
1114 1135 1248 1214 pondera
1271 1153 1369 1196 rerum

365 1248 372 1261 “
458 1241 506 1289 rao
532 1254 585 1297 seu
608 1236 699 1298 moles
721 1230 855 1315 spectare
876 1235 949 1297 velis
971 1238 1158 1316 spatiumque
1179 1235 1324 1297 locorum.

533 1357 625 1416 quare
647 1337 770 1401 diversis
792 1340 907 1414 argenti
929 1339 1051 1416 aurique
1073 1336 1216 1407 metallis,

531 1442 596 1517 quis
618 1438 713 1500 torma
735 1458 769 1501 ac
791 1437 884 1499 moles
908 1438 1011 1499 eadem
1033 1446 1090 1509 est,
1113 1456 1168 1517 par
1189 1439 1288 1500 addito
1310 1436 1422 1515 pondus,

519 1532 653 1618 'argento
676 1540 770 1602 solum
793 1541 822 1601 id
846 1542 973 1612 crescit,
993 1537 1064 1599 nibil
1087 1539 1205 1600 additur
1229 1559 1309 1601 auro.

530 1649 677 1703 sextantes
698 1643 788 1721 igitur
811 1660 885 1722 quos
907 1648 939 1701 tu
961 1657 1117 1717 superesse
1139 1641 1266 1711 videbis,

397 1786 402 1795 .
454 1747 502 1797 190
529 1746 559 1803 iu
583 1744 703 1805 totidem
725 1744 807 1805 dices
829 1760 935 1804 aurum
959 1744 1120 1803 consistere
1142 1741 1241 1813 libris,

528 1862 656 1923 parsque
677 1845 779 1906 itidem
801 1842 894 1905 librae
916 1845 1057 1905 sextantis
1079 1853 1164 1923 parte
1186 1852 1314 1906 notetur.

528 1946 605 2025 quod
629 1947 653 2007 si
676 1945 753 2006 lorte
775 1963 878 2024 parem
900 1952 1042 2023 corrupto
1065 1946 1179 2023 tingere
1202 1945 1326 2007 lormam

527 2057 650 2124 argento
673 2064 819 2125 nequeas,
843 2054 873 2106 at
893 2044 1013 2106 mollem
1036 2048 1144 2106 sumito
1166 2065 1275 2109 ceram.

532 2154 621 2224 atque
643 2145 741 2209 brevis
763 2145 916 2225 facilisque
939 2146 992 2208 tibi
1014 2146 1158 2210 formetur
1180 2150 1279 2227 imago

451 2252 499 2304 195
527 2250 586 2309 sive
609 2247 674 2329 cybi
697 2267 749 2312 seu
772 2249 926 2328 semiglobi
949 2251 1086 2311 teretisve
1109 2251 1248 2331 cylindri,

525 2368 639 2430 parque
662 2370 698 2411 ex
720 2359 842 2428 argento
865 2350 1019 2412 simuletur
1041 2352 1135 2412 lorma
1159 2355 1280 2421 nitenti,

527 2471 651 2531 quarum
675 2452 790 2532 pondus
812 2455 881 2514 item
907 2471 1021 2514 nosces.
1065 2454 1112 2513 lac
1135 2455 1262 2532 denique
1284 2454 1411 2530 dragmas

526 2554 571 2614 bis
594 2574 645 2616 sex
667 2558 795 2634 argenti,
819 2573 906 2616 cerae
930 2564 989 2616 tres
1012 2572 1076 2615 1111
1098 2564 1246 2633 repertas:

526 2675 598 2735 ergo
620 2659 651 2716 in
672 2656 854 2735 ponderibus
877 2675 964 2718 cerae
987 2658 1161 2736 argentique
1184 2656 1322 2735 liquebit,

447 2762 497 2810 200
524 2760 547 2816 si
570 2775 624 2836 par
646 2756 742 2817 lorma
764 2759 833 2826 siet,
856 2757 1014 2837 quadrupli
1036 2758 1195 2818 discrimen
1216 2761 1322 2820 inesse.

522 2865 584 2919 turn
607 2876 661 2936 par
685 2859 795 2935 effigies
818 2876 885 2919 cera
909 2858 1063 2920 simuletur
1086 2860 1189 2920 eadem

524 2964 696 3038 corruptae,
722 2961 806 3020 cuius
829 2960 963 3021 fraudem
985 2978 1167 3038 cognoscere
1190 2979 1287 3023 curas

522 3061 564 3120 sic
586 3062 694 3120 iustum
718 3059 834 3138 pondus
854 3061 932 3140 quod
955 3060 1039 3122 lance
1060 3063 1210 3122 inveneris
1233 3082 1327 3143 aequa

479 3177 482 3184 ·
520 3164 550 3222 in
574 3161 769 3240 quadruplum
793 3161 897 3230 duces;
922 3162 1079 3242 quadrupli
1101 3181 1168 3223 nam
1186 3164 1328 3243 ponderis
1350 3167 1422 3227 11111

444 3266 494 3316 205
520 3265 544 3324 si
567 3263 644 3322 foret
665 3265 780 3340 argenti
803 3261 895 3324 moles
918 3282 992 3343 quae
1015 3282 1100 3326 cerea
1124 3283 1203 3326 nunc
1226 3268 1272 3327 sit.

520 3371 618 3426 cetera
642 3365 698 3424 iam
722 3371 793 3442 puto
815 3373 884 3425 nota
908 3355 969 3426 tibi
984 3400 1022 3411 —
1046 3384 1113 3426 nam
1137 3367 1264 3427 diximus
1287 3374 1353 3427 ante
1375 3397 1405 3408 -

519 3484 577 3544 quo
600 3472 686 3544 pacto
709 3467 819 3529 lurtum
843 3468 907 3527 sine
930 3469 1014 3547 aquis
1035 3467 1224 3546 deprendere
1245 3471 1349 3549 possis.

518 3567 591 3628 haec
614 3567 715 3628 eadem
737 3570 768 3628 in
791 3567 913 3647 reliquis
935 3569 1047 3646 poteris
1069 3578 1204 3649 spectare
1228 3569 1362 3632 metallis.

561 3765 563 3770 ·
586 3739 643 3793 179,
663 3753 749 3789 cansa
767 3752 814 3788 eur
831 3738 856 3787 A
928 3739 986 3790 194.
1006 3741 1089 3803 atque
1102 3739 1282 3805 Eodticbemc
1302 3731 1419 3804 coquent
