3534 4400
488 347 536 414 20
802 367 1046 409 rnonnoonnrax
1063 370 1097 410 rra

489 508 555 563 uiae
574 520 689 561 numero
714 511 928 577 computaretur.
962 502 1109 561 Semissem
1127 512 1217 561 autem
1239 522 1293 562 non
1315 508 1410 581 neglc-

492 590 604 664 gebant,
620 606 708 663 eoque
722 590 891 663 sestertiaria
908 589 979 644 ratio
995 589 1149 645 accuratior
1164 588 1217 645 init
1233 606 1312 663 quam
1329 591 1410 647 deua-

490 676 584 744 riaria,
603 673 648 730 uhi
664 673 735 730 inira
750 689 840 729 assem
854 670 923 727 nihil
938 672 971 728 ad
986 672 1107 729 calculos
1122 672 1277 730 vocabatur.
1301 675 1408 736 Rursus

486 758 616 833 exemplo
632 765 711 814 utar:
735 758 759 813 si
774 758 817 813 cui
834 756 1009 831 persolvendi
1024 764 1103 812 erant
1120 766 1228 813 centum
1244 761 1365 815 sestertii
1380 777 1408 815 as

488 846 592 915 semis,
607 842 697 899 brevis
711 850 772 897 erat
784 842 891 896 notatio
908 840 1111 912 Ηθίζ-ΣΤ,
1127 841 1183 897 hoc.
1194 842 1270 898 estc
1287 846 1408 899 sestertii

487 936 521 986 et
533 934 709 983 excurrentes
723 933 814 998 partes
829 925 949 981 decimae
965 931 1038 993 tres,
1062 926 1187 981 uicesima
1202 942 1273 996 uua,
1293 927 1409 1001 quadra·

488 1011 596 1086 gesima
610 1028 674 1081 una,
690 1025 743 1083 qua
757 1011 921 1066 coniunctae
937 1007 1042 1063 iaciunt
1055 1011 1177 1081 sestertii
1192 1018 1284 1084 partes
1300 1019 1407 1068 octavas

489 1103 549 1153 tres
564 1097 621 1151 sive
638 1096 667 1149 in
684 1094 800 1167 pecunia
814 1093 921 1165 signata
937 1108 1025 1148 assem
1041 1101 1069 1148 et
1085 1096 1237 1151 semissem,

577 1179 714 1234 Neminem
734 1180 774 1234 rei
794 1178 959 1235 nummariae
980 1178 1098 1251 peritum
1122 1186 1216 1251 potest
1241 1179 1327 1237 latere
1351 1196 1407 1235 cam

389 1332 391 1335 Ι
492 1265 627 1321 rationem
643 1277 724 1337 quam
738 1262 935 1339 sestertiariam
950 1269 1029 1317 vocat
1046 1261 1213 1332 Maecianus,
1236 1266 1332 1337 inqua
1349 1281 1408 1338 par·

490 1355 534 1405 tes
549 1355 615 1403 sunt
630 1348 764 1416 decimae,
787 1348 946 1417 vicesimae,
965 1345 1202 1421 quadragesimae,
1218 1350 1330 1423 proprie
1348 1364 1407 1422 per·

492 1433 608 1488 tinuisse
625 1432 659 1487 ad
672 1431 849 1488 vetustiorem
866 1430 1026 1499 denarium,
1052 1429 1095 1486 cui
1109 1430 1201 1487 decem
1220 1448 1296 1489 asses
1312 1447 1406 1489 conve-

491 1516 619 1586 niebant,
645 1531 735 1590 neque
757 1516 815 1589 ipse
835 1514 988 1571 Maecianus
1002 1514 1041 1589 id
1069 1515 1171 1571 omittit
1198 1532 1406 1573 commemorare

492 1596 563 1674 (74).
594 1601 669 1657 Tunc
685 1601 755 1656 enim
770 1599 873 1656 denarii
888 1597 980 1656 libella
996 1599 1023 1654 in
1039 1600 1154 1674 pecunia
1172 1601 1279 1674 signata
1294 1600 1407 1657 habebat

491 1702 580 1742 assem
601 1702 682 1742 suum
704 1692 732 1740 et
751 1684 881 1741 sembeMa
902 1685 1042 1741 semissem
1060 1691 1088 1739 et
1109 1686 1251 1741 teruncius
1276 1685 1405 1759 quadran·

493 1777 547 1826 tem
555 1766 587 1841 ⁷).
615 1770 668 1827 Sed
688 1777 835 1844 postquam
854 1769 982 1825 denarius
1002 1770 1031 1824 in
1052 1764 1170 1825 sedecim
1190 1786 1266 1830 asses
1281 1768 1407 1827 distribui

491 1855 597 1927 coepit,
624 1853 670 1909 iila
694 1855 800 1908 ratione
822 1860 928 1909 tantum
949 1852 1031 1909 modo
1053 1851 1202 1910 utebantur
1222 1854 1255 1910 ad
1276 1853 1406 1912 notandas

492 1937 615 1995 sestertii
630 1943 724 2011 partes
740 1944 917 1992 excurrentes
932 1934 1003 2007 (75).

554 2021 698 2077 Postremo
719 2020 872 2076 Maecianus
895 2019 1014 2076 breviter
1037 2021 1148 2094 exponit
1171 2023 1204 2079 de
1229 2022 1407 2097 ponderibus,

492 2114 549 2162 tum
571 2105 604 2161 de
620 2120 809 2161 mensurarum
826 2104 942 2177 liquoris
958 2121 989 2161 ao
1004 2107 1082 2178 grani
1098 2106 1230 2164 divisione
1245 2106 1406 2179 (tt—80);

491 2190 525 2247 ad
546 2206 616 2264 quae
636 2189 704 2246 nihil
724 2188 770 2245 hio
788 2188 981 2246 adnotandum.
1010 2188 1143 2264 Sequitur
1157 2191 1254 2249 deinde
1269 2192 1341 2250 alius
1356 2190 1406 2248 dis-

490 2276 643 2350 putationis
666 2274 700 2332 de
722 2273 818 2331 eodem
833 2281 995 2347 argumento
1012 2274 1135 2345 initium,
1162 2277 1208 2334 ubi
1226 2277 1320 2335 dedcit
1337 2276 1406 2335 codi-

492 2376 554 2418 cum
568 2359 716 2433 scriptura.

555 2445 595 2501 lta
613 2461 674 2501 cum
689 2443 817 2500 Maeuiani
833 2444 1057 2500 commentarium
1073 2446 1158 2518 satis,
1182 2453 1213 2502 ut
1231 2447 1350 2516 videtur,
1364 2461 1406 2500 ex·

490 2529 652 2605 plicuitnus,
679 2536 764 2586 restat
784 2536 815 2584 ut
834 2528 966 2584 memoria
991 2537 1133 2602 repetatur
1160 2529 1308 2604 fragmenti
1336 2528 1405 2587 iliius

490 2612 663 2670 Alexandrini
686 2609 746 2689 (95)
769 2629 824 2686 quo
845 2615 934 2669 variae
955 2613 1059 2669 denarii
1080 2622 1190 2688 partes,
1209 2617 1328 2672 usitatae
1348 2611 1404 2670 illae

490 2692 579 2771 παρὰ
594 2694 661 2756 τοῖς
673 2690 842 2770 Ῥωμαίοις
856 2693 1025 2770 torrescit,
1042 2707 1228 2775 recensentur.
1260 2699 1334 2774 Ergo
1350 2699 1404 2754 eius

489 2780 636 2854 fragmenti
658 2774 692 2836 et*
709 2781 824 2837 sormam
840 2797 855 2835 a
872 2781 953 2836 nobis
969 2781 1067 2838 editam
1083 2790 1111 2839 et
1126 2782 1199 2840 illam
1215 2801 1296 2859 quam
1312 2783 1404 2841 Calvus

490 2864 625 2938 expressit
645 2863 726 2937 (prol.
750 2864 768 2935 S
792 2863 863 2940 123)
885 2881 947 2921 cum
968 2865 1095 2924 Maeciani
1117 2867 1207 2924 verbis
1234 2871 1274 2926 sic
1299 2881 1403 2942 compa·

489 2962 596 3004 remus:

516 3109 974 3214 apudscriptoremdiexandrinum
1018 3121 1088 3195 apud
1105 3121 1268 3216 Maecianum

539 3198 973 3362 pppppqqqqp.osi‚bqp41,o
1037 3206 1279 3348 MMMMusSuM

442 3416 445 3422 ,
535 3366 715 3448 prostituet
816 3371 880 3428 ibid.
1038 3379 1182 3433 sestertius
1215 3376 1278 3434 ibid.

382 3459 386 3469 “
513 3447 723 3533 ᾗάεεάριον
816 3454 880 3513 ibid.
1038 3458 1158 3530 asgdt

549 3719 582 3785 ’7)
601 3723 759 3774 Mommsen.
779 3739 805 3788 p.
826 3726 876 3775 200
896 3723 957 3774 adn.
978 3725 1019 3776 et.
