3534 4400
479 353 521 418 26
611 440 616 446 Ι
787 372 1026 417 raouunonnnn
1049 374 1082 419 ut

543 511 661 585 denique
677 511 855 585 inscriptione
869 512 981 568 omnino
997 510 1402 571 carentGuelierb.Gud.132

479 600 507 654 in
522 595 559 665 4,
574 596 658 653 Paris.
678 594 778 667 7461,
796 596 880 653 editio
896 593 998 653 Veneta
1012 597 1139 670 princeps
1155 594 1229 668 (anni
1245 592 1348 671 1470).

542 681 614 737 llaec
636 680 669 737 de
692 678 919 754 inscriptionibus
945 680 1073 737 carminis
1096 697 1111 736 a
1133 681 1215 739 certis
1237 680 1402 738 auctoribus

481 766 579 823 tradita
594 767 638 823 liic
652 764 830 840 proponenda
845 780 907 821 esse
922 764 1081 821 existimavi.
1112 763 1215 833 Quibus
1230 765 1401 821 testimoniis

479 850 655 925 perlustratis
678 850 782 923 primus
796 848 974 905 lindlichcrus
991 846 1189 905 dubitationem
1207 847 1308 931 mpii,
1332 866 1401 905 uum

469 937 539 991 -iure
556 935 693 991 Prisciano
708 933 736 989 id
753 950 823 1007 opns
840 932 1015 989 tribueretur.
1046 934 1114 989 Tum
1129 933 1162 991 ll.
1176 932 1279 989 lleilius
1287 926 1305 1005 ¹)
1322 942 1400 990 recte

478 1019 674 1075 demonstravit
697 1032 748 1074 nec
770 1016 905 1074 librorum
930 1034 1012 1073 manu
1037 1019 1204 1091 scriptorum
1230 1019 1398 1075 auctoritate

479 1106 545 1159 satis
563 1101 672 1158 delendi
687 1103 747 1158 eius
761 1102 931 1175 grammatici
946 1118 1055 1173 nomen,
1074 1118 1125 1157 nec
1139 1118 1231 1158 rerum
1247 1101 1279 1157 de
1294 1100 1399 1175 quibus

479 1186 763 1261 agitur-argumento;
779 1203 809 1242 ac
822 1202 923 1242 nomen
939 1186 1069 1243 Prisciani
1086 1194 1142 1242 tum
1159 1185 1266 1241 demum
1282 1187 1399 1243 carmini

478 1272 640 1344 inscriptum
665 1270 768 1341 videri,
798 1278 944 1344 postquam
963 1273 990 1327 in
1013 1268 1154 1327 codicibus
1178 1286 1231 1326 una
1254 1286 1314 1325 cum
1335 1272 1399 1327 eius

477 1355 556 1411 libris
577 1355 659 1411 scribi
681 1363 809 1428 coeptum
829 1356 874 1409 sit.
912 1354 1033 1411 Alteram
1058 1362 1149 1409 autem
1177 1356 1333 1427 opinionem
1364 1355 1399 1411 de

478 1439 575 1496 Rufino
597 1439 638 1495 vel
660 1438 761 1495 Pavino
783 1446 897 1495 auctore
918 1436 976 1496 Car.
994 1431 1200 1509 Schenkelius²)
1223 1436 1398 1495 indebitam

478 1540 539 1579 esse
560 1525 735 1594 existimavit,
757 1522 831 1597 quod
847 1522 913 1579 olim
927 1514 995 1579 illud
1009 1538 1118 1580 carmen
1134 1524 1193 1578 sine
1210 1523 1330 1579 auctoris
1345 1536 1399 1579 no-

477 1610 549 1664 mine
569 1610 642 1665 inter
660 1611 761 1683 scripta
778 1606 867 1665 lluiini
881 1617 909 1664 et
923 1606 1036 1664 Remmii
1050 1606 1145 1664 Fannii
1162 1607 1330 1680 grammatici
1346 1624 1399 1680 po·

477 1696 560 1750 situm
582 1693 673 1749 luerit
704 1693 805 1750 Contra
827 1692 857 1748 G.
876 1692 1027 1761 christinus,
1052 1694 1098 1764 qui
1122 1698 1264 1765 postremo
1287 1690 1321 1747 de
1342 1691 1399 1749 hoc

477 1785 640 1849 argumento
663 1772 855 1850 disputavit³)‚
885 1783 979 1833 censet
998 1784 1138 1833 auctorem
1154 1774 1287 1834 carminis
1308 1774 1398 1832 luisse

477 1860 627 1916 Remmium
644 1861 778 1933 quendam
792 1860 912 1916 Flavium
929 1862 984 1916 sive
999 1859 1149 1929 Plotinum,
1166 1860 1301 1915 diversum
1316 1857 1398 1915 illum

479 1942 588 2017 quidem
604 1962 618 1999 a
634 1944 755 1999 Remmio
771 1944 932 2000 Palaemone
948 1946 1135 2017 grammatico,
1151 1962 1166 1999 a
1182 1960 1236 2017 quo
1251 1945 1311 2017 ipso
1325 1943 1400 1999 Pan·

477 2028 515 2082 nii
531 2044 630 2083 nomen
646 2026 764 2083 alienum
780 2029 825 2083 sit.
857 2027 911 2084 Sed
927 2028 954 2083 hi
971 2043 1075 2097 omnes,
1092 2036 1123 2084 ut
1137 2045 1169 2083 er
1184 2035 1262 2102 parte
1278 2028 1351 2083 inter
1367 2046 1399 2085 se

477 2111 651 2184 discrepant,
678 2114 716 2167 ita
744 2113 771 2167 in
795 2128 828 2167 eo
850 2120 924 2168 recte
946 2113 1122 2169 consentiunt
1143 2128 1197 2167 non
1219 2128 1233 2167 a
1255 2111 1398 2169 Prisciano

477 2197 653 2270 grammatico
675 2212 783 2253 carmen
805 2198 936 2270 scriptum
959 2214 1035 2267 esse,
1058 2213 1205 2270 quaeres,
1228 2198 1252 2252 si
1274 2198 1317 2252 cni
1331 2197 1398 2254 aliis

475 2282 591 2352 insuper
606 2282 773 2354 argumentis
791 2281 915 2353 indigere
932 2280 1072 2351 videatur,
1094 2283 1116 2336 is
1132 2283 1205 2354 legat
1223 2297 1337 2354 eaquae
1354 2281 1398 2338 di-

475 2366 595 2438 ligenter
610 2365 745 2421 Christins
762 2354 915 2439 explicavit,
935 2382 989 2421 non
1007 2365 1096 2421 solum
1113 2364 1259 2422 nonnullas
1275 2380 1319 2421 res
1334 2383 1400 2424 eas·

477 2467 529 2523 que
556 2452 695 2522 graviores
723 2449 802 2507 aliter
825 2468 840 2506 a
861 2449 1002 2506 Prisciano
1024 2449 1129 2506 deliniri
1151 2458 1233 2524 atque
1256 2449 1289 2504 ab
1310 2450 1399 2507 huius

476 2535 603 2591 carminis
619 2538 754 2609 scriptore
761 2530 798 2607 ⁴),
818 2535 961 2592 sedetiam
978 2533 1082 2590 dicendi
1101 2550 1189 2616 genus
1205 2533 1276 2608 apud
1289 2541 1400 2590 utrum·

476 2637 529 2691 que
551 2618 630 2692 plane
653 2621 788 2676 diversum
810 2636 880 2676 esse.
928 2618 1015 2688 Quid‘i
1036 2635 1097 2674 cum
1120 2635 1208 2692 nuper
1227 2619 1399 2677 Priscianum

474 2703 626 2774 ponderum
645 2711 672 2758 et
687 2721 859 2760 nummorum
876 2712 999 2758 veterum
1014 2718 1069 2758 non
1091 2705 1158 2759 satis
1173 2704 1291 2776 peritum
1307 2703 1400 2762 luisse

475 2786 586 2841 anobis
602 2787 818 2843 demonstratum
836 2782 907 2858 sit⁵)‚
925 2803 1015 2844 nonne
1030 2787 1097 2844 hacc
1115 2789 1195 2844 etiam
1212 2789 1349 2844 sententia
1369 2791 1400 2845 in
1474 2863 1478 2868 ἡ

545 2981 569 3042 1)
589 2983 715 3047 Praelat.
735 2983 770 3032 ad
788 2983 924 3037 Priscian.
943 2985 997 3035 vol.
1017 2987 1044 3035 ΙΙ
1062 3003 1088 3050 p.
1107 2988 1166 3037 402.
1265 3025 1266 3028 ,

542 3049 568 3112 2)
589 3050 642 3098 Zur
671 3050 760 3100 Kritils
787 3055 910 3116 apdterer
940 3055 983 3105 lat.
1007 3055 1114 3103 Dichter
1145 3053 1342 3118 (Silauugsber.
1371 3057 1400 3108 d.
1448 3051 1456 3066 ⁹

475 3118 591 3167 Wiener
608 3117 697 3168 Akad.
717 3119 794 3179 1863)
813 3136 839 3184 p.
859 3122 902 3172 59.

541 3185 567 3248 3)
587 3185 657 3237 Mus,
675 3185 800 3238 Rhenan.
820 3187 869 3236 XX
889 3203 915 3252 p.
928 3189 967 3238 ,69
986 3201 1006 3240 e.
1311 3222 1313 3226 -

540 3252 567 3315 4)
587 3253 737 3318 lbidemp.
756 3255 789 3304 66
807 3269 828 3304 s.
863 3254 902 3310 Ut
926 3254 1022 3304 obolus
1045 3255 1074 3304 in
1098 3256 1219 3306 carmine
1237 3255 1271 3305 de
1289 3257 1400 3320 ponde·

413 3340 415 3343 ·
461 3318 549 3368 *ribus
569 3324 651 3384 atque
671 3321 744 3386 apud
763 3335 857 3372 omnes
875 3322 1041 3372 vetustiores
1066 3327 1194 3374 auctores
1218 3322 1331 3388 scripuli
1353 3331 1401 3376 est

476 3385 591 3436 dimidia
614 3403 694 3451 pars,
714 3404 731 3438 a
749 3389 895 3439 Prisciano
920 3394 1011 3439 autem
1035 3390 1107 3440 idem
1126 3405 1187 3440 cum
1205 3390 1327 3455 scripulo
1347 3407 1398 3442 ae-

363 3481 366 3486 -
420 3497 424 3501 .
474 3458 574 3518 quatur
592 3456 740 3506 secundum
759 3456 919 3507 Dardanum
943 3456 988 3519 (de
1006 3456 1052 3524 fig.
1073 3458 1125 3522 10).
1162 3459 1231 3508 Tum
1250 3459 1399 3510 denarium

474 3524 604 3586 quattuor
626 3524 821 3590 scripulorum,
846 3539 898 3590 quo
926 3525 1043 3576 inarime
1067 3527 1166 3576 nititur
1189 3526 1325 3576 Prisciani
1351 3541 1400 3577 ar·

460 3590 658 3658 'gumentatioi
688 3591 798 3657 ignorat
822 3593 941 3658 scriptor
963 3593 1103 3642 carminis.
1144 3593 1202 3644 Nec
1227 3594 1255 3643 in
1277 3593 1397 3659 reliquis

473 3657 532 3706 lere
552 3657 641 3708 simile
660 3673 747 3722 genus
765 3665 983 3724 praeceptorum.

540 3723 618 3806 illu
636 3725 775 3792 Philologi
792 3725 846 3777 vol.
865 3727 943 3776 XXll
961 3742 987 3792 p.
1004 3729 1056 3778 202
1075 3743 1110 3778 ss.
