3534 4400
483 374 525 437 28
797 391 1035 434 raousoounuu
1051 392 1084 433 iu

484 533 584 587 versati
603 520 714 602 sunt¹⁰).
744 529 811 585 Tum
837 545 852 584 a
874 529 994 602 scripulo
1015 529 1106 604 pergit
1121 528 1157 583 ad
1175 528 1326 601 dragmam
1345 524 1418 603 (hanc

486 616 557 671 enim
580 615 695 671 formam
715 611 760 669 illa
776 622 851 670 actas
867 610 1066 686 praelerebat),
1087 610 1249 683 sicilicum,
1276 608 1417 683 sextulam,

398 750 406 761 ,
485 699 617 770 duellam,
638 698 760 767 unciam,
784 698 902 770 denique
917 696 1028 767 libram,
1044 712 1134 770 neque
1152 712 1284 770 usquam
1302 698 1331 753 in
1348 697 1418 752 hisa

486 783 607 857 legitima
624 784 731 842 ratione
745 780 869 838 discedit.
1387 777 1389 783 '

549 867 672 923 Extrema
699 866 750 921 hac
776 866 903 921 carminis
925 865 1072 939 particula,
1100 865 1304 934 ot‘dInimus,
1333 866 1419 920 Attica
1498 924 1499 931 ,

488 952 619 1026 quaedam
649 950 718 1006 libra
747 951 921 1023 septuaginta
952 951 1073 1023 quinque
1104 949 1252 1006 drachmis
1281 948 1416 1005 definitur.

487 1038 536 1093 hic
555 1045 628 1092 certe
646 1033 790 1106 scriptoris
808 1049 930 1090 errorem
949 1032 1199 1107 deprehendimus,
1225 1035 1311 1111 culus
1331 1042 1419 1089 tamen
1498 1038 1499 1043 ’

487 1122 592 1177 socium
607 1117 690 1175 habet
698 1117 848 1173 dardanum
866 1118 943 1174 illum
959 1134 972 1173 a
987 1117 1127 1174 Prisciano
1143 1120 1279 1175 citatum.
1312 1116 1419 1173 Etenim
1498 1144 1499 1176 2

488 1220 548 1260 eum
566 1204 738 1277 septuaginta
755 1202 877 1276 quinque
892 1210 1016 1259 vetustae
1032 1202 1176 1259 drachmae
1194 1204 1313 1259 Atticae
1330 1204 1421 1259 incur·
1498 1210 1499 1247 1

487 1296 579 1343 rerent
598 1289 626 1342 in
641 1286 738 1342 libram
751 1285 917 1357 Romanam,
939 1286 1036 1342 hiduo
1053 1288 1226 1360 scriptores,
1253 1304 1319 1343 cum
1341 1285 1422 1360 plane

488 1373 628 1429 nescirent
640 1378 764 1427 vetustae
775 1370 917 1428 drachmae
930 1372 1035 1427 Atticae
1047 1371 1155 1445 pondus
1167 1372 1320 1428 diversum
1333 1370 1420 1426 luisse
1498 1378 1499 1388 ¹

489 1474 502 1513 a
517 1456 623 1529 vulgari
638 1455 821 1512 Romanorum
837 1454 974 1525 drachma,
990 1456 1043 1512 hoc
1058 1462 1100 1512 est
1115 1454 1235 1513 denario
1247 1455 1417 1519 Neroniano,

487 1541 624 1598 tinxerunt
638 1541 754 1596 Atticam
776 1539 909 1613 quandam
930 1539 1026 1597 lilnram
1048 1540 1091 1595 vel
1110 1540 1217 1597 minam
1237 1538 1419 1615 septuaginta

488 1627 610 1700 quinque
634 1625 821 1681 drachmarum
847 1625 904 1681 sive
929 1618 1148 1696 denariorumfl).
1196 1628 1298 1699 Atque
1326 1616 1419 1679 eadem

488 1700 595 1766 ratione‘
615 1711 730 1784 proiimi
752 1711 834 1765 huius
850 1711 979 1766 carminis
994 1726 1090 1765 versus
1106 1707 1262 1781 (32-40)
1279 1704 1415 1765 iudicandi
1496 1731 1500 1790 t

488 1802 563 1862 sunt,
579 1794 625 1854 uhi
640 1796 729 1849 Attica
745 1794 876 1874 pondera,
895 1794 1039 1865 talentum,
1054 1795 1137 1865 mina,
1154 1794 1300 1863 drachma,
1319 1789 1418 1849 obolus
1497 1833 1498 1837 ,

488 1878 647 1934 afferuntur.
682 1876 812 1932 Nimirum
833 1893 895 1932 cum
918 1876 1046 1951 scriptori
1068 1894 1235 1951 persuasum
1255 1879 1295 1935 sit
1310 1876 1418 1933 Atticae
1497 1934 1499 1943 κ

489 1961 631 2017 drachmae
653 1960 784 2033 (itemque
806 1959 892 2032 oholi)
914 1960 1021 2034 pondus
1042 1978 1097 2018 noa
1122 1962 1235 2019 dillerre
1259 1981 1275 2019 a
1293 1962 1422 2017 Romana
1500 2006 1501 2011 ,

488 2044 640 2119 ponderum
660 2045 766 2099 ratione
789 2060 869 2117 quam
885 2045 966 2101 modo
984 2047 1125 2119 exposuit,
1148 2050 1284 2121 sequitur
1300 2054 1333 2102 ut
1347 2042 1419 2099 Atti-

391 2161 397 2167 ·
490 2146 548 2186 cam
560 2129 660 2184 minam
672 2127 752 2184 iaciat
765 2136 897 2203 quattuor
908 2129 1042 2186 drachmis
1055 2130 1183 2187 maiorem
1192 2132 1320 2188 Romana
1332 2128 1413 2193 libra;

492 2223 548 2270 tum
565 2221 655 2269 autem
671 2216 772 2287 repetit
790 2213 885 2269 falsam
902 2215 979 2270 istam
995 2213 1195 2272 libraehtticae
1208 2217 1411 2274 definitionem.

554 2295 685 2370 Sequitur
706 2298 775 2354 assis
796 2297 954 2356 distributio
969 2299 1018 2370 (vs.
1037 2297 1173 2376 41-55)
1191 2303 1263 2357 scite
1287 2300 1315 2356 in
1334 2296 1416 2354 versi-

491 2384 568 2440 culos
590 2382 706 2439 redacta.
751 2382 800 2439 Ubi
821 2381 934 2440 sormam
957 2385 1114 2455 decencia,
1142 2401 1222 2458 quam
1249 2372 1410 2442 hominatlvi

490 2468 552 2524 loco
569 2466 685 2541 plurimi
706 2467 776 2540 ialsn
797 2465 966 2539 hahuerunt,
987 2471 1136 2543 genitivum
1159 2485 1219 2524 esse
1243 2486 1277 2526 ex
1295 2471 1412 2525 decana

491 2561 570 2611 acute
585 2550 718 2608 Christius
732 2546 917 2626 perspexit¹²).
952 2551 1095 2610 Praeterea
1112 2553 1226 2621 adhaec
1241 2553 1313 2610 nihil
1330 2551 1415 2607 adno-

489 2638 608 2693 tandum.

553 2721 619 2775 Turn
645 2721 729 2776 ‘haec
749 2721 781 2775 de
801 2721 993 2792 ponderibus’,
1020 2721 1109 2795 iuquit
1128 2724 1264 2795 scriptor,
1296 2723 1412 2793 ‘super-

489 2812 634 2877 estpars
658 2803 772 2859 altera
796 2801 900 2874 nobis',
923 2805 1027 2863 scilicet
1048 2814 1079 2862 ut
1099 2822 1243 2862 mensurae
1268 2806 1412 2880 liquorum

489 2905 520 2944 ac
534 2886 664 2942 lrumenti
680 2885 850 2959 explicentur
866 2886 915 2960 (vs.
932 2881 1092 2962 56-90).4
1110 2891 1158 2949 llic
1173 2900 1248 2948 recte
1263 2889 1363 2962 incipit
1377 2885 1413 2942 ah

489 2971 620 3049 amphora
636 2970 754 3026 Romana
770 2972 827 3026 sive
842 2972 1028 3044 quadrantali,
1046 2974 1119 3048 quod
1134 2975 1271 3048 quomodo
1292 2991 1325 3031 cs
1342 2968 1413 3046 pede

488 3063 616 3130 porrecto
641 3053 786 3126 elliciatur,
807 3066 932 3113 accurate
959 3057 1135 3115 demonstrat.
1173 3060 1274 3116 Deinde
1302 3058 1410 3114 minora

489 3156 576 3212 usque
594 3140 625 3196 ad
642 3140 768 3212 cyathum
785 3139 821 3195 lta
836 3140 970 3213 explicat,
993 3149 1024 3226 ¹¹}
1045 3151 1072 3199 et
1094 3143 1222 3200 frumeuti
1241 3153 1268 3200 et
1289 3139 1408 3216 liquido·

523 3336 754 3401 —10)00nf.vot.
774 3338 787 3387 Ι
804 3353 831 3402 p.
850 3340 883 3388 96
903 3339 974 3397 adn..
994 3356 1019 3405 p.
1039 3343 1096 3392 140.
1132 3341 1301 3392 Praesertim
1319 3335 1408 3389 mults

487 3406 517 3454 in
535 3405 587 3455 hoc
605 3421 708 3472 genere
734 3411 901 3456 commentos
925 3421 985 3458 esse
1011 3412 1121 3458 constat
1138 3409 1284 3461 Hebraeos
1302 3403 1408 3459 veteris

488 3475 649 3523 testamenti
667 3473 842 3539 interpretes.

557 3540 602 3606 11)
619 3541 699 3591 Haec
719 3539 860 3606 explicata
877 3545 942 3592 stant
961 3557 977 3591 a
994 3541 1138 3593 Boeclshio
1157 3561 1183 3610 p.
1204 3547 1264 3603 117,
1284 3540 1404 3594 Christio

486 3623 514 3674 p.
533 3609 566 3660 56
584 3623 605 3658 s.
625 3607 828 3672 (commentarii
846 3609 873 3658 in
892 3609 974 3660 volI
991 3623 1017 3675 p.
1037 3611 1068 3662 tt
1088 3611 1150 3662 adn.
1170 3615 1186 3664 ὅ
1205 3612 1305 3676 citati),
1324 3605 1405 3659 nobis

486 3676 516 3725 in
534 3675 673 3742 Philologi
690 3676 745 3728 vol.
763 3676 843 3726 XXII
859 3694 889 3743 p.
906 3679 956 3728 205
974 3691 995 3726 s.
1016 3679 1066 3730 210
1084 3693 1105 3729 tt.

555 3745 791 3810 12)Mus.1then.
810 3744 860 3794 XX
879 3761 906 3810 p.
925 3746 957 3795 66
975 3758 996 3794 s.
1148 3766 1151 3772 ·
