3534 4400
633 379 834 423 sonirronns
851 382 1012 429 oousuos.
1239 365 1280 431 27
1302 418 1310 439 ,

349 517 473 572 medium
503 516 597 573 allerri
621 525 731 591 potest,
757 519 893 574 inscitiam
914 519 1046 577 Prisciani
1068 529 1096 577 et
1118 520 1281 580 laudabilem

351 601 513 657 doctrinam
532 599 606 657 illius
627 604 674 674 qui
690 601 744 657 hoc
760 618 869 659 carmen
884 606 996 677 scripsit
1011 607 1120 662 minime
1136 609 1281 664 convenire

298 712 302 717 ·
351 688 378 741 in
393 700 486 741 unum
499 684 651 754 bominem,
663 684 779 742 alterum
796 688 882 760 igitur
896 688 1033 745 diversum
1049 707 1110 746 esse
1128 689 1161 746 ab
1176 690 1280 747 altero?

378 790 383 797 ·
415 768 526 825 Verum
548 770 643 825 iamin
660 769 714 827 boc
729 772 934 843 acquiescamus
949 788 1049 829 nomen
1064 776 1210 848 scriptoris
1225 792 1281 832 nou

351 869 411 909 esse
434 860 557 918 notum;
586 852 764 911 illudentem
787 871 967 928 quaeramus,
993 874 1158 932 quocunque
1184 861 1208 914 is
1232 876 1282 915 no·

352 938 424 993 mine
439 937 550 1010 luerit,
565 940 701 995 meritone
717 956 769 1012 pro
784 938 858 996 bono
873 948 986 1000 auctore
1000 941 1141 999 habeatur.
1300 1006 1305 1014 .

409 1022 492 1078 Brevi
521 1022 635 1079 exordio
652 1017 701 1096 (vs.
716 1007 809 1096 1-5)
823 1032 925 1098 poeta,
948 1042 1009 1082 curn
1026 1026 1148 1089 declarat
1164 1042 1194 1083 se
1213 1043 1283 1101 pou-

351 1106 413 1162 dera
429 1122 507 1181 quae
523 1105 736 1163 medicorum
756 1107 877 1166 inlibris
893 1111 1069 1167 inveniuntur
1082 1111 1281 1185 descripturum

353 1206 429 1260 esse,
454 1192 522 1265 ipse
544 1190 624 1247 nobis
646 1191 767 1248 ostendit
786 1192 843 1259 boc
860 1210 968 1251 carmen
984 1203 1131 1269 cognatum
1145 1211 1205 1251 esse
1221 1212 1281 1252 omn

353 1274 454 1337 tabulis
472 1273 534 1331 illis
546 1274 657 1333 Graecis
674 1292 742 1350 quas
756 1276 931 1335 medicinales
943 1279 1136 1353 appellavimus
1144 1274 1173 1351 ⁶).
1200 1280 1284 1336 Prae·

353 1366 425 1415 teres
446 1359 527 1415 idem
548 1360 583 1415 de
605 1360 735 1433 ponderis
758 1362 782 1416 vi
805 1362 920 1435 eiusque
937 1363 970 1419 ad
986 1380 1094 1421 omnem
1109 1364 1202 1420 muudi
1219 1381 1283 1421 con·

353 1444 533 1501 stitutionem
555 1452 695 1500 momento
717 1453 781 1519 apte
803 1454 831 1501 et
846 1449 936 1519 perite
951 1465 1036 1522 pauca
1052 1443 1282 1519 cornmemorat⁷).

415 1528 472 1584 lam
488 1531 611 1603 primum
629 1524 676 1602 (vs.
689 1528 804 1600 6-31)
820 1529 940 1588 Romana
956 1532 1077 1605 pondera
1093 1532 1276 1601 illustrantur,

359 1612 526 1687 additurque
551 1613 581 1668 iu
606 1613 659 1669 fine
682 1614 788 1669 Atticae
811 1615 956 1671 cuiusdam
980 1615 1064 1671 librae
1088 1618 1201 1671 mentio.
1244 1615 1281 1669 lbi

356 1698 428 1768 quod
450 1706 539 1771 poeta
556 1714 571 1752 a
590 1693 709 1753 minimis
725 1714 755 1754 se
771 1714 898 1753 orsurum
915 1715 976 1755 esse
994 1698 1075 1770 dicit,
1103 1706 1177 1756 recte
1193 1699 1281 1753 imita·

358 1788 430 1837 tatur
449 1781 546 1839 bonos
567 1783 594 1836 iu
617 1799 650 1839 eo
675 1799 777 1857 genere
798 1791 925 1839 auctores
946 1779 1099 1855 Graecos⁸).
1140 1784 1208 1862 Tum
1229 1784 1279 1837 mi·

355 1866 426 1921 nima
449 1851 577 1940 pondera
598 1867 750 1923 aileruntur
773 1865 958 1937 semiobolus,
989 1867 1103 1938 obolus,
1133 1866 1282 1941 scriplum3

360 1950 458 2023 scripio
484 1960 579 2006 nutem
603 1951 763 2008 tribuuntur
778 1952 821 2007 vel
831 1968 885 2008 sex
899 1952 1016 2025 siliquae
1031 1953 1074 2009 vel
1090 1952 1208 2009 sedecim
1225 1950 1283 2007 len·

358 2034 392 2089 tis
415 2051 504 2107 grana
527 2035 570 2090 vel
590 2035 704 2091 totidem
726 2035 830 2109 speltae
850 2036 981 2109 lupinive.
1011 2036 1048 2093 En
1068 2037 1110 2093 his
1133 2038 1160 2092 in
1176 2035 1282 2109 vulgari

359 2133 409 2173 usu
433 2120 509 2192 apud
532 2120 670 2176 Romanos
698 2120 811 2177 luerunt
834 2119 949 2193 siliqua,
977 2120 1090 2193 obolus,
1117 2121 1278 2195 scripulum,

362 2212 478 2274 quorum
507 2205 661 2282 ponderum
683 2207 756 2280 ipsas
779 2205 919 2278 legitimas
939 2207 1060 2262 rationes
1083 2203 1165 2262 tradit
1191 2214 1281 2280 poeta.

362 2286 437 2343 ludit
458 2285 660 2360 semiobolu'm,
685 2290 712 2344 h.
728 2306 750 2345 e.
773 2283 968 2363 ἡμιωβόλιον
983 2291 1133 2361 Graecum,
1161 2290 1234 2364 quod
1256 2292 1283 2344 in

366 2370 453 2429 tabula
466 2373 632 2447 Cleopatrae
649 2375 720 2449 inter
734 2375 854 2448 pondera
870 2384 1009 2450 receptum
1024 2374 1141 2447 legimus
1157 2375 1198 2448 (p.·
1210 2373 1282 2443 234,

362 2452 418 2526 20).
453 2455 530 2524 Quae
545 2466 639 2514 autem
653 2466 795 2532 praeterea
812 2458 922 2532 frugum
939 2475 1023 2531 grana
1039 2457 1127 2529 alieri,
1143 2475 1173 2514 ea
1187 2459 1283 2513 omnin

363 2539 395 2593 ad
416 2540 485 2598 illud
508 2543 651 2599 minimum
670 2543 777 2617 pondus
799 2542 949 2598 revocanda
971 2557 1031 2598 esse
1047 2549 1176 2614 apparet,
1207 2541 1280 2612 quod

364 2620 504 2692 χαλκοῦ(
527 2625 627 2682 dicitur
647 2629 675 2682 iu
697 2628 791 2684 eadem
816 2626 908 2682 tabula
927 2620 1123 2699 cleopatram).
1158 2624 1283 2680 Ceterum

366 2716 434 2764 recte
457 2713 582 2784 scriptor
602 2720 711 2782 monet,
730 2728 763 2768 ne
787 2714 850 2785 quis
871 2729 904 2768 ex
926 2712 968 2768 his
989 2708 1111 2784 granulis
1131 2717 1235 2766 certum
1254 2725 1285 2764 ac

366 2795 442 2863 quasi
468 2794 595 2852 naturale
623 2797 732 2870 pondus
757 2795 864 2852 deliniri
891 2811 975 2870 posse
995 2795 1148 2866 existimet,
1179 2810 1234 2867 quo
1257 2794 1284 2848 iu

367 2889 458 2934 errore
483 2878 563 2935 multi
583 2881 679 2936 barum
707 2896 797 2936 rerum
825 2881 943 2937 studiosi
966 2881 1086 2953 antiquis
1112 2878 1283 2952 [emporibus

370 3005 569 3020 R—

431 3077 458 3141 6)
478 3079 558 3134 Oonl.
577 3081 763 3129 Burmannnm
782 3077 817 3127 ad
835 3079 862 3128 h.
881 3079 911 3138 l.,
935 3078 1142 3141 Bernhardyum
1166 3077 1194 3126 iu
1217 3076 1283 3126 hist.

370 3139 442 3197 Rom.
459 3147 515 3201 litt.
534 3166 560 3214 p.
580 3149 631 3198 535
650 3145 728 3208 (edit.
747 3146 790 3208 4),
809 3145 1007 3196 Schenkelium
1025 3161 1051 3210 p.
1072 3147 1118 3195 60:
1150 3145 1197 3193 der
1220 3144 1284 3193 Ver·

369 3208 453 3266 furser
470 3216 539 3266 datie
556 3216 612 3265 siclt
628 3231 675 3263 zur
688 3213 806 3277 Aullyode
822 3217 937 3277 pentalli,
954 3213 1000 3275 fiir
1019 3213 1174 3275 dieJeniqem
1193 3211 1284 3260 melche
1337 3235 1340 3242 ·

370 3277 447 3328 ultore
469 3282 645 3333 medicintsalte
663 3280 768 3330 Baetes·
788 3281 950 3345 pebroucden
972 3281 1026 3330 und
1047 3280 1112 3328 aucit
1131 3280 1211 3328 deren
1230 3280 1284 3328 An·

372 3343 460 3412 lcitum
477 3351 655 3401 Araneimittet
671 3349 785 3400 bereiten
801 3351 916 3412 wollten,
940 3349 982 3398 die
1004 3351 1030 3398 in
1051 3348 1177 3409 frdberen
1197 3347 1285 3396 Zeiten

370 3413 500 3468 dedendas
518 3419 609 3469 Maste
627 3418 680 3466 und
698 3416 822 3468 deuictae
841 3431 1003 3482 anpernessen
1026 3431 1057 3464 zu
1079 3414 1216 3468 artiorem,-
1239 3413 1284 3464 de·

374 3476 450 3542 nique
467 3500 517 3534 nos
534 3485 590 3536 vol.
604 3485 617 3534 1
636 3501 661 3549 p.
679 3485 722 3533 65.

435 3549 460 3611 7)
485 3552 565 3605 Ocni.
589 3548 699 3611 Ovidii,
730 3549 904 3610 Gemnnniei,
934 3551 1034 3601 Avieni
1057 3563 1154 3599 versus
1178 3564 1194 3597 u
1218 3549 1287 3598 Bur·
1311 3579 1313 3582 -

375 3623 468 3668 manno
487 3619 603 3684 aliisque
622 3620 732 3670 citatos.

436 3683 463 3745 8)
480 3687 512 3736 V.
530 3687 586 3739 vol.
604 3687 617 3737 Ι
636 3703 662 3751 p.
681 3688 723 3737 96.
741 3687 800 3736 228.
820 3687 880 3736 240.
900 3687 959 3735 248.

437 3751 463 3813 9)
480 3753 549 3804 Ibid.
567 3771 595 3819 p.
615 3755 671 3806 tao.
690 3754 749 3818 235,
769 3756 791 3804 1.
828 3752 909 3806 Conf.
928 3757 1074 3817 praeterea
1092 3767 1118 3814 p.
1138 3750 1226 3811 2224
1250 3745 1285 3793 al.

1247 4066 1257 4096 d
