3534 4400
471 320 515 385 34
782 338 1019 383 rnonroounua
1040 341 1074 382 ur

473 496 541 555 pora
556 478 741 553 pervenimus,
756 478 887 536 continua
903 475 1082 551 explicatione
1096 477 1192 534 harum
1207 479 1407 534 recentiorum

471 564 651 638 reliquiarum
666 563 874 633 abstineremus,
893 570 921 619 et
936 578 1006 635 quae
1022 561 1111 618 dicere
1125 577 1237 619 necesse
1251 560 1408 619 videretur

471 665 502 706 ea
520 664 600 725 quam
618 647 776 705 brevissima
792 648 916 704 oratioue
932 646 1236 721 comprehenderemus.

534 733 554 789 l.
581 732 813 801 Quemadmodum
833 731 954 788 Isidorus
977 748 992 787 e
1014 732 1196 789 vetustiorum
1222 730 1401 806 scriptorum

470 818 549 876 libris
565 835 614 874 sua
627 817 661 874 de
674 818 810 873 mensuris
825 832 857 873 ac
871 815 1039 891 ponderibus
1054 824 1200 890 praecepta
1216 816 1400 890 conglutina-

471 904 550 974 verit,
561 903 581 959 ii
592 901 700 959 demum
711 909 774 975 apte
786 916 922 975 exponere
933 908 1064 975 poterunt
1075 901 1121 974 qui
1135 916 1243 957 omnem
1254 902 1398 961 rationem

471 1003 553 1063 quam
568 986 690 1042 isidorus
710 987 739 1041 in
758 1000 842 1059 opere
860 985 1050 1059 componendo
1067 993 1178 1042 secutus
1197 985 1234 1041 sit
1249 984 1399 1043 illustran-

471 1072 532 1128 dam
544 1069 597 1127 sibi
610 1070 816 1145 proposuerint
846 1069 896 1127 llic
910 1070 977 1126 satis
993 1078 1035 1126 est
1046 1070 1165 1127 breviter
1176 1086 1397 1127 commemorare

471 1157 505 1212 de
519 1155 658 1211 mensuris
673 1170 801 1228 agrorum
813 1154 947 1211 isidorum
956 1170 1042 1229 xusum
1058 1170 1119 1211 esse
1131 1154 1205 1211 Balbi
1218 1155 1399 1229 expositione

470 1247 499 1297 et
519 1238 685 1296 Columellae
705 1238 800 1310 libris,
827 1240 862 1296 de
882 1237 996 1313 reliquis
1017 1240 1135 1295 carmine
1156 1238 1189 1295 de
1209 1238 1394 1313 ponderibus,

471 1325 559 1382 altero
574 1324 695 1380 carmine
712 1324 746 1380 de
761 1322 831 1380 libra
846 1322 1027 1397 partibusque
1044 1325 1119 1395 eins,
1137 1322 1232 1381 Latina
1246 1322 1395 1398 Epiphanii

470 1410 613 1478 versione,
638 1408 758 1483 denique
780 1407 864 1464 variis
885 1408 994 1465 Graecis
1014 1408 1114 1465 tabulis
1138 1408 1171 1464 de
1193 1408 1288 1466 eodem
1306 1426 1395 1483 argur-

471 1501 565 1553 mento
581 1495 755 1569 conscriptis.
1308 1512 1311 1519 ·

556 1577 586 1635 it.
618 1578 685 1635 Post
711 1578 845 1636 isidorum
876 1579 1020 1652 posuimus
1049 1578 1195 1635 nonnullas
1221 1578 1394 1635 incertorum

465 1666 639 1743 ‚scriptorum
654 1663 775 1733 tabulas,
797 1680 866 1737 quas
881 1664 909 1719 in
927 1665 979 1720 ista
994 1664 1148 1719 recentiore
1166 1670 1255 1719 aetate
1270 1678 1302 1717 ex
1316 1665 1392 1719 anti·

470 1748 615 1823 quioribns
635 1748 766 1823 exemplis
790 1749 818 1803 in
838 1748 909 1805 banc
929 1764 989 1803 esse
1006 1748 1122 1804 lorrnam
1138 1748 1261 1803 redactas
1277 1756 1325 1803 cut
1343 1764 1391 1803 ex·

469 1834 608 1908 ploratum
626 1840 702 1889 esset
717 1841 764 1889 ant
778 1832 919 1906 probabile
934 1832 1082 1889 videretur.
1119 1830 1153 1889 Ut
1168 1834 1283 1906 primam
1298 1848 1330 1888 ex
1345 1832 1391 1888 his

471 1915 787 1989 tabulisiir.128)ab
811 1915 1010 1989 interpolatore
1035 1917 1166 1972 insertam
1197 1933 1257 1974 esse
1283 1910 1392 1973 merline

469 2000 544 2057 balbi
561 2000 725 2075 expositioni
742 2008 821 2058 acute
837 2003 978 2073 perspexit
992 1999 1189 2057 Lachmaunus.
1217 2002 1284 2057 Tum
1303 2000 1390 2058 altera

469 2086 514 2158 (ir.
533 2083 605 2157 129)
621 2092 649 2141 et
670 2100 701 2141 ex
719 2088 812 2159 priore
831 2083 923 2141 tabula
944 2093 971 2140 et
985 2084 1059 2141 balbi
1081 2087 1253 2159 expositione
1275 2087 1388 2143 conciu-

470 2178 533 2228 nata
554 2177 604 2226 est.
640 2168 754 2228 Additae
777 2172 914 2228 tamenin
939 2172 1077 2228 centuriae
1098 2170 1257 2228 delinitione
1279 2170 1389 2228 decem·

470 2256 555 2331 pedae
585 2255 732 2328 quadratae
761 2264 789 2312 et
819 2255 902 2330 pedes
929 2256 1067 2330 quadrati;
1099 2265 1126 2313 et
1152 2258 1250 2314 horum
1277 2256 1388 2330 quidem

470 2373 577 2415 summa
600 2364 673 2415 reete
694 2375 755 2415 esse
774 2358 874 2415 dicitur
889 2359 910 2413 L
924 2355 1047 2412 doctri
1058 2359 1158 2436 milio,
1180 2374 1250 2432 quae
1270 2357 1388 2430 legenda

470 2450 535 2500 sunt
560 2446 750 2518 quiapropter
778 2451 900 2500 centeno
928 2447 1099 2516 septingenta
1127 2458 1275 2516 sccoqena
1304 2443 1386 2498 milia

470 2528 524 2600 (=
539 2528 704 2600 5760000).
735 2529 879 2587 Praeterea
900 2531 928 2584 in
950 2528 1042 2585 eadem
1063 2527 1156 2585 tabula
1169 2525 1207 2600 -iss
1226 2527 1254 2602 2)
1277 2535 1387 2600 praeter

470 2614 822 2688 decempedam‘liomanam
839 2614 993 2670 illustratur
1007 2614 1110 2687 pertica
1127 2613 1258 2686 quaedam
1276 2613 1387 2685 provin·

471 2698 556 2768 ciclis,
577 2715 647 2770 quae
661 2698 706 2754 llll
720 2699 815 2772 pedes,
832 2698 956 2770 singulos
971 2697 1048 2755 XVlll
1061 2698 1209 2771 digitorum
1227 2696 1326 2754 babere
1345 2695 1385 2752 di-

470 2784 550 2839 citur.
581 2781 711 2838 Nimirum
736 2782 802 2838 haec
824 2791 867 2838 est
882 2783 974 2839 eadem
997 2783 1101 2856 pedalis
1117 2799 1242 2839 mensura
1259 2798 1338 2855 quarn
1354 2783 1382 2836 in

470 2866 613 2922 Germania
630 2868 657 2921 iu
672 2867 790 2940 Tungris
806 2867 921 2922 inveniri
938 2869 1151 2941 Drusianarnque
1167 2865 1300 2940 appellari
1318 2867 1385 2922 dicit

469 2949 594 3024 Hyginus
609 2948 654 3021 (ir.
673 2950 750 3022 114,
767 2947 811 3026 3);
836 2953 937 3008 etenim
959 2951 1104 3010 monetalis
1127 2969 1175 3027 pes
1199 2953 1227 3008 et
1244 2952 1383 3008 sescuncia

471 3043 536 3091 sunt
553 3034 633 3109 digiti
647 3034 732 3090 lllllll.

534 3121 654 3192 lienique
673 3120 705 3175 ad
727 3121 797 3177 hauc
811 3120 899 3177 nostri
917 3120 980 3177 libri
995 3129 1101 3195 partem
1116 3120 1261 3178 retulimus
1276 3120 1382 3178 brevio·

470 3221 515 3260 res
540 3204 609 3260 duos
629 3204 706 3262 locos
727 3205 760 3261 de
784 3209 918 3264 castrensi
939 3207 1034 3279 iugero
1043 3201 1060 3282 ¹)
1083 3215 1110 3262 et
1130 3207 1162 3262 de
1184 3205 1382 3262 mensuratione

470 3291 559 3362 iugeri
575 3286 618 3359 (ir.
636 3288 704 3373 130.
723 3289 804 3362 131t

538 3504 563 3565 1)
586 3506 619 3556 In
641 3506 693 3557 hoe
717 3506 872 3572 fragmento
900 3507 1011 3574 iugerus
1039 3507 1085 3573 qui
1113 3507 1254 3558 bostrensis
1284 3506 1382 3557 dicitur

469 3588 526 3624 non
545 3574 637 3624 differt
654 3590 671 3624 e
689 3574 799 3641 vulgari
816 3575 1000 3626 Romanorum
1018 3576 1127 3640 iugero;
1146 3591 1210 3625 nam
1228 3574 1380 3626 tribuuntur

471 3643 498 3691 ei
516 3641 550 3692 ab
569 3642 621 3693 hoc
641 3643 775 3708 scriptore
793 3643 844 3693 288
861 3643 1046 3706 decempedae
1071 3643 1222 3708 quodretec
1241 3642 1300 3693 sive
1319 3642 1381 3708 ped·

470 3710 565 3776 quadr.
576 3711 668 3762 28800.
688 3710 742 3762 Sed
756 3711 821 3778 quin
833 3711 970 3776 quadrata
984 3725 1018 3760 ea
1031 3725 1158 3762 mensuro
1171 3725 1232 3762 esse
1251 3725 1306 3762 non
1324 3715 1380 3774 pet·
