<?xml version="1.0" encoding="UTF-8"?>
<!DOCTYPE html PUBLIC "-//W3C//DTD XHTML 1.0 Transitional//EN"
    "http://www.w3.org/TR/xhtml1/DTD/xhtml1-transitional.dtd">
<html xmlns="http://www.w3.org/1999/xhtml" xml:lang="en" lang="en">
 <head>
  <title>
</title>
<meta http-equiv="Content-Type" content="text/html;charset=utf-8" />
  <meta name='ocr-system' content='tesseract 3.04.00' />
  <meta name='ocr-capabilities' content='ocr_page ocr_carea ocr_par ocr_line ocrx_word'/>
</head>
<body>
  <div class='ocr_page' id='page_1' title='image "./metrologicorums00hultgoog_0176.png"; bbox 0 0 3534 4400; ppageno 0'>
   <div class='ocr_carea' id='block_1_1' title="bbox 520 412 1430 503">
    <p class='ocr_par' dir='ltr' id='par_1_1' title="bbox 520 412 1430 503">
     <span class='ocr_line' id='line_1_1' title="bbox 520 412 1430 503; baseline -0.001 -27"><span class='ocrx_word' id='word_1_1' title='bbox 520 412 581 477; x_wconf 81' lang='lat'><strong>142</strong></span> <span class='ocrx_word' id='word_1_2' title='bbox 738 436 955 479; x_wconf 76' lang='lat' dir='ltr'><strong>nnaounnrurr</strong></span> <span class='ocrx_word' id='word_1_3' title='bbox 977 436 1206 480; x_wconf 69' lang='lat' dir='ltr'><strong>summanum.</strong></span> <span class='ocrx_word' id='word_1_4' title='bbox 1294 415 1430 503; x_wconf 75' lang='lat' dir='ltr'><strong>[140.1tt}</strong></span> 
     </span>
    </p>
   </div>
   <div class='ocr_carea' id='block_1_2' title="bbox 466 565 1435 1561">
    <p class='ocr_par' dir='ltr' id='par_1_2' title="bbox 466 565 1435 1561">
     <span class='ocr_line' id='line_1_2' title="bbox 583 565 1433 648; baseline 0.002 -19"><span class='ocrx_word' id='word_1_5' title='bbox 583 565 632 630; x_wconf 87' lang='lat'><strong>14.</strong></span> <span class='ocrx_word' id='word_1_6' title='bbox 655 568 720 629; x_wconf 88' lang='lat' dir='ltr'><strong>Duo</strong></span> <span class='ocrx_word' id='word_1_7' title='bbox 742 568 802 630; x_wconf 90' lang='lat' dir='ltr'><strong>bati</strong></span> <span class='ocrx_word' id='word_1_8' title='bbox 824 577 981 631; x_wconf 80' lang='lat' dir='ltr'><strong>metretam</strong></span> <span class='ocrx_word' id='word_1_9' title='bbox 1008 569 1134 641; x_wconf 84' lang='lat' dir='ltr'><strong>iaciunt,</strong></span> <span class='ocrx_word' id='word_1_10' title='bbox 1164 569 1245 648; x_wconf 92' lang='lat' dir='ltr'><strong>quod</strong></span> <span class='ocrx_word' id='word_1_11' title='bbox 1275 578 1348 632; x_wconf 83' lang='lat' dir='ltr'><strong>sunt</strong></span> <span class='ocrx_word' id='word_1_12' title='bbox 1374 590 1433 631; x_wconf 84' lang='lat' dir='ltr'><strong>ser-</strong></span> 
     </span>
     <span class='ocr_line' id='line_1_3' title="bbox 517 669 637 731; baseline 0.017 -2"><span class='ocrx_word' id='word_1_13' title='bbox 517 672 584 731; x_wconf 86' lang='lat' dir='ltr'><strong>tarii</strong></span> <span class='ocrx_word' id='word_1_14' title='bbox 607 669 637 731; x_wconf 88' lang='lat' dir='ltr'><strong>C.</strong></span> 
     </span>
     <span class='ocr_line' id='line_1_4' title="bbox 583 768 1434 852; baseline -0.004 -19"><span class='ocrx_word' id='word_1_15' title='bbox 583 768 632 834; x_wconf 89' lang='lat'><strong>15.</strong></span> <span class='ocrx_word' id='word_1_16' title='bbox 655 773 754 835; x_wconf 89' lang='lat' dir='ltr'><strong>Urnae</strong></span> <span class='ocrx_word' id='word_1_17' title='bbox 776 772 852 833; x_wconf 91' lang='lat' dir='ltr'><strong>dnae</strong></span> <span class='ocrx_word' id='word_1_18' title='bbox 874 772 1048 851; x_wconf 81' lang='lat' dir='ltr'><strong>amphoram</strong></span> <span class='ocrx_word' id='word_1_19' title='bbox 1071 772 1235 851; x_wconf 83' lang='lat' dir='ltr'><strong>complent,</strong></span> <span class='ocrx_word' id='word_1_20' title='bbox 1267 772 1434 852; x_wconf 86' lang='lat' dir='ltr'><strong>quodsum</strong></span> 
     </span>
     <span class='ocr_line' id='line_1_5' title="bbox 517 872 1228 953; baseline 0.001 -20"><span class='ocrx_word' id='word_1_21' title='bbox 517 872 615 933; x_wconf 93' lang='lat' dir='ltr'><strong>modia</strong></span> <span class='ocrx_word' id='word_1_22' title='bbox 638 875 708 945; x_wconf 90' lang='lat' dir='ltr'><strong>tria,</strong></span> <span class='ocrx_word' id='word_1_23' title='bbox 733 874 811 951; x_wconf 91' lang='lat' dir='ltr'><strong>quod</strong></span> <span class='ocrx_word' id='word_1_24' title='bbox 834 875 865 935; x_wconf 90' lang='lat' dir='ltr'><strong>in</strong></span> <span class='ocrx_word' id='word_1_25' title='bbox 888 874 979 935; x_wconf 87' lang='lat' dir='ltr'><strong>aridis</strong></span> <span class='ocrx_word' id='word_1_26' title='bbox 1001 874 1111 935; x_wconf 83' lang='lat' dir='ltr'><strong>dicitnr</strong></span> <span class='ocrx_word' id='word_1_27' title='bbox 1132 875 1228 953; x_wconf 89' lang='lat' dir='ltr'><strong>aephi.</strong></span> 
     </span>
     <span class='ocr_line' id='line_1_6' title="bbox 483 972 1435 1054; baseline -0.003 -18"><span class='ocrx_word' id='word_1_28' title='bbox 483 974 499 1023; x_wconf 86' lang='lat'>5</span> <span class='ocrx_word' id='word_1_29' title='bbox 583 972 631 1036; x_wconf 88' lang='lat'><strong>16.</strong></span> <span class='ocrx_word' id='word_1_30' title='bbox 655 975 753 1036; x_wconf 91' lang='lat' dir='ltr'><strong>Urnae</strong></span> <span class='ocrx_word' id='word_1_31' title='bbox 774 981 835 1037; x_wconf 88' lang='lat' dir='ltr'><strong>tres</strong></span> <span class='ocrx_word' id='word_1_32' title='bbox 858 975 966 1037; x_wconf 89' lang='lat' dir='ltr'><strong>eadum</strong></span> <span class='ocrx_word' id='word_1_33' title='bbox 986 976 1033 1037; x_wconf 83' lang='lat' dir='ltr'><strong>vel</strong></span> <span class='ocrx_word' id='word_1_34' title='bbox 1055 975 1187 1036; x_wconf 90' lang='lat' dir='ltr'><strong>artabam</strong></span> <span class='ocrx_word' id='word_1_35' title='bbox 1208 975 1339 1045; x_wconf 85' lang='lat' dir='ltr'><strong>faciunt,</strong></span> <span class='ocrx_word' id='word_1_36' title='bbox 1362 974 1435 1054; x_wconf 91' lang='lat' dir='ltr'><strong>quod</strong></span> 
     </span>
     <span class='ocr_line' id='line_1_7' title="bbox 517 1076 952 1138; baseline 0 -1"><span class='ocrx_word' id='word_1_37' title='bbox 517 1082 584 1137; x_wconf 87' lang='lat' dir='ltr'><strong>sunt</strong></span> <span class='ocrx_word' id='word_1_38' title='bbox 606 1076 703 1137; x_wconf 90' lang='lat' dir='ltr'><strong>modia</strong></span> <span class='ocrx_word' id='word_1_39' title='bbox 725 1076 778 1137; x_wconf 87' lang='grc' dir='ltr'><strong>ΗΠ</strong></span> <span class='ocrx_word' id='word_1_40' title='bbox 801 1085 830 1138; x_wconf 90' lang='lat' dir='ltr'><strong>et</strong></span> <span class='ocrx_word' id='word_1_41' title='bbox 852 1078 952 1137; x_wconf 81' lang='lat' dir='ltr'><strong>semis.</strong></span> 
     </span>
     <span class='ocr_line' id='line_1_8' title="bbox 582 1176 1247 1258; baseline -0.002 -20"><span class='ocrx_word' id='word_1_42' title='bbox 582 1176 631 1238; x_wconf 79' lang='lat'><strong>17.</strong></span> <span class='ocrx_word' id='word_1_43' title='bbox 655 1178 752 1238; x_wconf 86' lang='lat' dir='ltr'><strong>Modia</strong></span> <span class='ocrx_word' id='word_1_44' title='bbox 774 1180 905 1258; x_wconf 86' lang='lat' dir='ltr'><strong>quinque</strong></span> <span class='ocrx_word' id='word_1_45' title='bbox 926 1178 1106 1239; x_wconf 91' lang='lat' dir='ltr'><strong>medimnam</strong></span> <span class='ocrx_word' id='word_1_46' title='bbox 1128 1180 1247 1239; x_wconf 79' lang='lat' dir='ltr'><strong>faciunt.</strong></span> 
     </span>
     <span class='ocr_line' id='line_1_9' title="bbox 582 1275 1228 1359; baseline 0.002 -20"><span class='ocrx_word' id='word_1_47' title='bbox 582 1275 631 1339; x_wconf 89' lang='lat'><strong>18.</strong></span> <span class='ocrx_word' id='word_1_48' title='bbox 655 1278 729 1340; x_wconf 87' lang='lat' dir='ltr'><strong>Tres</strong></span> <span class='ocrx_word' id='word_1_49' title='bbox 752 1279 919 1341; x_wconf 89' lang='lat' dir='ltr'><strong>medimnae</strong></span> <span class='ocrx_word' id='word_1_50' title='bbox 941 1296 1047 1357; x_wconf 88' lang='lat' dir='ltr'><strong>gomor</strong></span> <span class='ocrx_word' id='word_1_51' title='bbox 1068 1279 1228 1359; x_wconf 86' lang='lat' dir='ltr'><strong>complent.</strong></span> 
     </span>
     <span class='ocr_line' id='line_1_10' title="bbox 580 1378 1152 1459; baseline 0.002 -19"><span class='ocrx_word' id='word_1_52' title='bbox 580 1378 631 1441; x_wconf 89' lang='lat'><strong>19.</strong></span> <span class='ocrx_word' id='word_1_53' title='bbox 654 1380 717 1442; x_wconf 87' lang='lat' dir='ltr'><strong>Duo</strong></span> <span class='ocrx_word' id='word_1_54' title='bbox 740 1398 845 1459; x_wconf 84' lang='lat' dir='ltr'><strong>gomor</strong></span> <span class='ocrx_word' id='word_1_55' title='bbox 867 1381 991 1442; x_wconf 89' lang='lat' dir='ltr'><strong>eborum</strong></span> <span class='ocrx_word' id='word_1_56' title='bbox 1014 1380 1152 1443; x_wconf 89' lang='lat' dir='ltr'><strong>reddunt.</strong></span> 
     </span>
     <span class='ocr_line' id='line_1_11' title="bbox 466 1478 1414 1561; baseline -0.004 -18"><span class='ocrx_word' id='word_1_57' title='bbox 466 1482 498 1530; x_wconf 91' lang='lat'><strong>10</strong></span> <span class='ocrx_word' id='word_1_58' title='bbox 578 1478 631 1543; x_wconf 76' lang='lat'><strong>20.</strong></span> <span class='ocrx_word' id='word_1_59' title='bbox 655 1484 719 1544; x_wconf 84' lang='lat' dir='ltr'><strong>Duo</strong></span> <span class='ocrx_word' id='word_1_60' title='bbox 742 1484 826 1544; x_wconf 86' lang='lat' dir='ltr'><strong>chori</strong></span> <span class='ocrx_word' id='word_1_61' title='bbox 849 1482 1014 1551; x_wconf 89' lang='lat' dir='ltr'><strong>ehulleom‚</strong></span> <span class='ocrx_word' id='word_1_62' title='bbox 1038 1483 1117 1561; x_wconf 93' lang='lat' dir='ltr'><strong>quod</strong></span> <span class='ocrx_word' id='word_1_63' title='bbox 1140 1489 1209 1543; x_wconf 90' lang='lat' dir='ltr'><strong>sunt</strong></span> <span class='ocrx_word' id='word_1_64' title='bbox 1229 1484 1336 1544; x_wconf 91' lang='lat' dir='ltr'><strong>modia</strong></span> <span class='ocrx_word' id='word_1_65' title='bbox 1358 1482 1414 1543; x_wconf 83' lang='lat' dir='ltr'><strong>Lx.</strong></span> 
     </span>
    </p>
   </div>
   <div class='ocr_carea' id='block_1_3' title="bbox 516 1717 1432 1802">
    <p class='ocr_par' dir='ltr' id='par_1_3' title="bbox 516 1717 1432 1802">
     <span class='ocr_line' id='line_1_12' title="bbox 516 1717 1432 1802; baseline -0.007 -21"><span class='ocrx_word' id='word_1_66' title='bbox 516 1718 587 1783; x_wconf 89' lang='lat'>140.</span> <span class='ocrx_word' id='word_1_67' title='bbox 609 1720 826 1802; x_wconf 82' lang='lat' dir='ltr'><strong>Fropmentum</strong></span> <span class='ocrx_word' id='word_1_68' title='bbox 837 1720 875 1780; x_wconf 87' lang='lat' dir='ltr'><strong>de</strong></span> <span class='ocrx_word' id='word_1_69' title='bbox 882 1717 1078 1799; x_wconf 73' lang='lat' dir='ltr'><strong><em>ponderibus</em></strong></span> <span class='ocrx_word' id='word_1_70' title='bbox 1090 1717 1285 1782; x_wconf 79' lang='lat' dir='ltr'><strong>oSatmoor&#39;o</strong></span> <span class='ocrx_word' id='word_1_71' title='bbox 1300 1720 1432 1782; x_wconf 84' lang='lat' dir='ltr'><strong>citatum.</strong></span> 
     </span>
    </p>
   </div>
   <div class='ocr_carea' id='block_1_4' title="bbox 516 1855 1431 2036">
    <p class='ocr_par' dir='ltr' id='par_1_4' title="bbox 516 1855 1431 2036">
     <span class='ocr_line' id='line_1_13' title="bbox 579 1855 1431 1936; baseline -0.007 -19"><span class='ocrx_word' id='word_1_72' title='bbox 579 1857 779 1929; x_wconf 79' lang='lat' dir='ltr'><strong>Quadrantem</strong></span> <span class='ocrx_word' id='word_1_73' title='bbox 795 1856 926 1919; x_wconf 89' lang='lat' dir='ltr'><strong>Hebraei</strong></span> <span class='ocrx_word' id='word_1_74' title='bbox 946 1863 1051 1917; x_wconf 82' lang='lat' dir='ltr'><strong>vocant</strong></span> <span class='ocrx_word' id='word_1_75' title='bbox 1066 1855 1224 1935; x_wconf 90' lang='lat' dir='ltr'><strong>quadram,</strong></span> <span class='ocrx_word' id='word_1_76' title='bbox 1247 1858 1332 1936; x_wconf 91' lang='lat' dir='ltr'><strong>quod</strong></span> <span class='ocrx_word' id='word_1_77' title='bbox 1351 1870 1431 1934; x_wconf 90' lang='lat' dir='ltr'><strong>quar·</strong></span> 
     </span>
     <span class='ocr_line' id='line_1_14' title="bbox 516 1958 1019 2036; baseline 0.002 -20"><span class='ocrx_word' id='word_1_78' title='bbox 516 1965 575 2017; x_wconf 91' lang='lat' dir='ltr'><strong>tam</strong></span> <span class='ocrx_word' id='word_1_79' title='bbox 597 1967 711 2035; x_wconf 88' lang='lat' dir='ltr'><strong>partem</strong></span> <span class='ocrx_word' id='word_1_80' title='bbox 734 1960 840 2020; x_wconf 85' lang='lat' dir='ltr'><strong>unciae</strong></span> <span class='ocrx_word' id='word_1_81' title='bbox 863 1958 1019 2036; x_wconf 88' lang='lat' dir='ltr'><strong>appendat.</strong></span> 
     </span>
    </p>
   </div>
   <div class='ocr_carea' id='block_1_5' title="bbox 465 2172 1405 2380">
    <p class='ocr_par' dir='ltr' id='par_1_5' title="bbox 465 2172 1405 2380">
     <span class='ocr_line' id='line_1_15' title="bbox 542 2172 1405 2257; baseline -0.005 -2"><span class='ocrx_word' id='word_1_82' title='bbox 542 2190 612 2255; x_wconf 79' lang='lat'><strong>141.</strong></span> <span class='ocrx_word' id='word_1_83' title='bbox 661 2191 754 2256; x_wconf 81' lang='lat' dir='ltr'><strong>Calvi</strong></span> <span class='ocrx_word' id='word_1_84' title='bbox 774 2194 878 2256; x_wconf 81' lang='lat' dir='ltr'><strong>nereio</strong></span> <span class='ocrx_word' id='word_1_85' title='bbox 902 2172 1087 2257; x_wconf 82' lang='lat' dir='ltr'><strong>tubulorum·</strong></span> <span class='ocrx_word' id='word_1_86' title='bbox 1103 2192 1405 2257; x_wconf 73' lang='lat' dir='ltr'><strong>Alexandrinorum.</strong></span> 
     </span>
     <span class='ocr_line' id='line_1_16' title="bbox 465 2311 1101 2380; baseline 0.008 -21"><span class='ocrx_word' id='word_1_87' title='bbox 465 2311 496 2360; x_wconf 79' lang='lat'><strong>15</strong></span> <span class='ocrx_word' id='word_1_88' title='bbox 845 2313 888 2378; x_wconf 84' lang='lat' dir='ltr'><strong>(v.</strong></span> <span class='ocrx_word' id='word_1_89' title='bbox 908 2313 977 2379; x_wconf 80' lang='lat' dir='ltr'><strong>pror.</strong></span> <span class='ocrx_word' id='word_1_90' title='bbox 996 2317 1011 2377; x_wconf 71' lang='lat' dir='ltr'><strong>p</strong></span> <span class='ocrx_word' id='word_1_91' title='bbox 1030 2313 1101 2380; x_wconf 82' lang='lat' dir='ltr'><strong>rna.)</strong></span> 
     </span>
    </p>
   </div>
   <div class='ocr_carea' id='block_1_6' title="bbox 424 2446 1483 3650">
    <p class='ocr_par' dir='ltr' id='par_1_6' title="bbox 448 2446 1427 2637">
     <span class='ocr_line' id='line_1_17' title="bbox 448 2446 1427 2536; baseline -0.006 -24"><span class='ocrx_word' id='word_1_92' title='bbox 448 2473 451 2478; x_wconf 93' lang='lat'>·</span> <span class='ocrx_word' id='word_1_93' title='bbox 517 2447 735 2536; x_wconf 82' lang='lat' dir='ltr'><strong>[Aphrioanus</strong></span> <span class='ocrx_word' id='word_1_94' title='bbox 770 2447 810 2512; x_wconf 90' lang='lat' dir='ltr'><strong>de</strong></span> <span class='ocrx_word' id='word_1_95' title='bbox 842 2447 1044 2512; x_wconf 87' lang='lat' dir='ltr'><strong>medelarum</strong></span> <span class='ocrx_word' id='word_1_96' title='bbox 1071 2446 1273 2533; x_wconf 85' lang='lat' dir='ltr'><strong>ponderibus</strong></span> <span class='ocrx_word' id='word_1_97' title='bbox 1301 2467 1427 2512; x_wconf 86' lang='lat' dir='ltr'><strong>mensu·</strong></span> 
     </span>
     <span class='ocr_line' id='line_1_18' title="bbox 902 2548 1036 2637; baseline -0.007 -24"><span class='ocrx_word' id='word_1_98' title='bbox 902 2548 1036 2637; x_wconf 78' lang='lat' dir='ltr'><strong>risque]</strong></span> 
     </span>
    </p>

    <p class='ocr_par' dir='ltr' id='par_1_7' title="bbox 578 2669 1426 2749">
     <span class='ocr_line' id='line_1_19' title="bbox 578 2669 1426 2749; baseline -0.006 -16"><span class='ocrx_word' id='word_1_99' title='bbox 578 2671 606 2734; x_wconf 90' lang='lat'><strong>1.</strong></span> <span class='ocrx_word' id='word_1_100' title='bbox 630 2674 777 2746; x_wconf 83' lang='lat' dir='ltr'><strong>Quoniam</strong></span> <span class='ocrx_word' id='word_1_101' title='bbox 799 2672 900 2734; x_wconf 85' lang='lat' dir='ltr'><strong>multis</strong></span> <span class='ocrx_word' id='word_1_102' title='bbox 921 2673 951 2732; x_wconf 92' lang='lat' dir='ltr'><strong>in</strong></span> <span class='ocrx_word' id='word_1_103' title='bbox 966 2671 1040 2733; x_wconf 85' lang='lat' dir='ltr'><strong>loeis</strong></span> <span class='ocrx_word' id='word_1_104' title='bbox 1055 2670 1092 2732; x_wconf 92' lang='lat' dir='ltr'><strong>de</strong></span> <span class='ocrx_word' id='word_1_105' title='bbox 1106 2669 1290 2749; x_wconf 85' lang='lat' dir='ltr'><strong>ponderibus</strong></span> <span class='ocrx_word' id='word_1_106' title='bbox 1306 2680 1337 2733; x_wconf 91' lang='lat' dir='ltr'><strong>et</strong></span> <span class='ocrx_word' id='word_1_107' title='bbox 1351 2685 1426 2730; x_wconf 90' lang='lat' dir='ltr'><strong>meu·</strong></span> 
     </span>
    </p>

    <p class='ocr_par' dir='ltr' id='par_1_8' title="bbox 512 2772 1426 2844">
     <span class='ocr_line' id='line_1_20' title="bbox 512 2772 1426 2844; baseline -0.009 -11"><span class='ocrx_word' id='word_1_108' title='bbox 512 2775 588 2835; x_wconf 91' lang='lat' dir='ltr'><strong>suris</strong></span> <span class='ocrx_word' id='word_1_109' title='bbox 616 2775 796 2836; x_wconf 91' lang='lat' dir='ltr'><strong>mentionem</strong></span> <span class='ocrx_word' id='word_1_110' title='bbox 825 2773 963 2844; x_wconf 81' lang='lat' dir='ltr'><strong>see-imus,</strong></span> <span class='ocrx_word' id='word_1_111' title='bbox 992 2790 1180 2838; x_wconf 85' lang='lat' dir='ltr'><strong>commensus</strong></span> <span class='ocrx_word' id='word_1_112' title='bbox 1215 2772 1325 2834; x_wconf 91' lang='lat' dir='ltr'><strong>horum</strong></span> <span class='ocrx_word' id='word_1_113' title='bbox 1348 2784 1426 2831; x_wconf 84' lang='lat' dir='ltr'><strong>veros</strong></span> 
     </span>
    </p>

    <p class='ocr_par' dir='ltr' id='par_1_9' title="bbox 463 2874 1424 2954">
     <span class='ocr_line' id='line_1_21' title="bbox 463 2874 1424 2954; baseline -0.002 -23"><span class='ocrx_word' id='word_1_114' title='bbox 463 2882 496 2930; x_wconf 75' lang='lat'><strong>20</strong></span> <span class='ocrx_word' id='word_1_115' title='bbox 514 2874 563 2935; x_wconf 87' lang='lat' dir='ltr'><strong>hio</strong></span> <span class='ocrx_word' id='word_1_116' title='bbox 585 2875 736 2936; x_wconf 88' lang='lat' dir='ltr'><strong>addendos</strong></span> <span class='ocrx_word' id='word_1_117' title='bbox 759 2892 823 2936; x_wconf 89' lang='lat' dir='ltr'><strong>esse</strong></span> <span class='ocrx_word' id='word_1_118' title='bbox 845 2876 1022 2954; x_wconf 87' lang='lat' dir='ltr'><strong>putavimus,</strong></span> <span class='ocrx_word' id='word_1_119' title='bbox 1046 2893 1085 2935; x_wconf 90' lang='lat' dir='ltr'><strong>ne</strong></span> <span class='ocrx_word' id='word_1_120' title='bbox 1107 2876 1173 2954; x_wconf 90' lang='lat' dir='ltr'><strong>quis</strong></span> <span class='ocrx_word' id='word_1_121' title='bbox 1195 2891 1305 2954; x_wconf 87' lang='lat' dir='ltr'><strong>anceps</strong></span> <span class='ocrx_word' id='word_1_122' title='bbox 1328 2881 1357 2936; x_wconf 89' lang='lat' dir='ltr'><strong>et</strong></span> <span class='ocrx_word' id='word_1_123' title='bbox 1370 2887 1424 2932; x_wconf 86' lang='lat' dir='ltr'><strong>am-</strong></span> 
     </span>
    </p>

    <p class='ocr_par' dir='ltr' id='par_1_10' title="bbox 424 2975 1483 3563">
     <span class='ocr_line' id='line_1_22' title="bbox 512 2975 1425 3054; baseline -0.008 -17"><span class='ocrx_word' id='word_1_124' title='bbox 512 2975 618 3054; x_wconf 80' lang='lat' dir='ltr'><strong>bigens</strong></span> <span class='ocrx_word' id='word_1_125' title='bbox 647 2975 829 3038; x_wconf 86' lang='lat' dir='ltr'><strong>medelarum</strong></span> <span class='ocrx_word' id='word_1_126' title='bbox 859 2976 967 3037; x_wconf 81' lang='lat' dir='ltr'><strong>auxilia</strong></span> <span class='ocrx_word' id='word_1_127' title='bbox 997 2995 1033 3038; x_wconf 84' lang='lat' dir='ltr'><strong>ex</strong></span> <span class='ocrx_word' id='word_1_128' title='bbox 1056 2976 1101 3036; x_wconf 85' lang='lat' dir='ltr'><strong>bis</strong></span> <span class='ocrx_word' id='word_1_129' title='bbox 1123 2977 1288 3038; x_wconf 84' lang='lat' dir='ltr'><strong>constantia</strong></span> <span class='ocrx_word' id='word_1_130' title='bbox 1311 2989 1425 3049; x_wconf 91' lang='lat' dir='ltr'><strong>compo-</strong></span> 
     </span>
     <span class='ocr_line' id='line_1_23' title="bbox 512 3063 1483 3157; baseline -0.007 -19"><span class='ocrx_word' id='word_1_131' title='bbox 512 3079 626 3157; x_wconf 90' lang='lat' dir='ltr'><strong>sitaque</strong></span> <span class='ocrx_word' id='word_1_132' title='bbox 648 3079 796 3156; x_wconf 83' lang='lat' dir='ltr'><strong>vituperet</strong></span> <span class='ocrx_word' id='word_1_133' title='bbox 818 3063 846 3140; x_wconf 88' lang='lat' dir='ltr'><strong>et</strong></span> <span class='ocrx_word' id='word_1_134' title='bbox 868 3078 997 3140; x_wconf 90' lang='lat' dir='ltr'><strong>damnet.</strong></span> <span class='ocrx_word' id='word_1_135' title='bbox 1042 3080 1243 3139; x_wconf 86' lang='lat' dir='ltr'><strong>necessarium</strong></span> <span class='ocrx_word' id='word_1_136' title='bbox 1267 3094 1342 3156; x_wconf 83' lang='lat' dir='ltr'><strong>ergo</strong></span> <span class='ocrx_word' id='word_1_137' title='bbox 1361 3069 1422 3135; x_wconf 81' lang='lat' dir='ltr'><strong>duxi</strong></span> <span class='ocrx_word' id='word_1_138' title='bbox 1482 3070 1483 3093; x_wconf 66' lang='lat'>¹</span> 
     </span>
     <span class='ocr_line' id='line_1_24' title="bbox 512 3177 1482 3295; baseline -0.006 -55"><span class='ocrx_word' id='word_1_139' title='bbox 512 3180 692 3241; x_wconf 84' lang='lat' dir='ltr'><strong>differentias</strong></span> <span class='ocrx_word' id='word_1_140' title='bbox 713 3179 822 3240; x_wconf 90' lang='lat' dir='ltr'><strong>borum</strong></span> <span class='ocrx_word' id='word_1_141' title='bbox 843 3180 929 3242; x_wconf 76' lang='lat' dir='ltr'><strong>inter·</strong></span> <span class='ocrx_word' id='word_1_142' title='bbox 942 3197 1022 3249; x_wconf 87' lang='lat' dir='ltr'><strong>sese,</strong></span> <span class='ocrx_word' id='word_1_143' title='bbox 1046 3178 1212 3259; x_wconf 85' lang='lat' dir='ltr'><strong>quibusque</strong></span> <span class='ocrx_word' id='word_1_144' title='bbox 1226 3177 1368 3240; x_wconf 91' lang='lat' dir='ltr'><strong>utendum</strong></span> <span class='ocrx_word' id='word_1_145' title='bbox 1382 3189 1422 3234; x_wconf 87' lang='lat' dir='ltr'><strong>es·</strong></span> <span class='ocrx_word' id='word_1_146' title='bbox 1481 3210 1482 3295; x_wconf 40' lang='lat' dir='ltr'><strong>q</strong></span> 
     </span>
     <span class='ocr_line' id='line_1_25' title="bbox 512 3278 1483 3399; baseline -0.004 -57"><span class='ocrx_word' id='word_1_147' title='bbox 512 3288 565 3352; x_wconf 89' lang='lat' dir='ltr'><strong>set,</strong></span> <span class='ocrx_word' id='word_1_148' title='bbox 589 3280 757 3350; x_wconf 85' lang='lat' dir='ltr'><strong>declarare;</strong></span> <span class='ocrx_word' id='word_1_149' title='bbox 782 3280 919 3361; x_wconf 84' lang='lat' dir='ltr'><strong>plurimis</strong></span> <span class='ocrx_word' id='word_1_150' title='bbox 940 3281 1087 3360; x_wconf 86' lang='lat' dir='ltr'><strong>siquidem</strong></span> <span class='ocrx_word' id='word_1_151' title='bbox 1108 3282 1139 3340; x_wconf 90' lang='lat' dir='ltr'><strong>iu</strong></span> <span class='ocrx_word' id='word_1_152' title='bbox 1161 3298 1217 3341; x_wconf 91' lang='lat' dir='ltr'><strong>usu</strong></span> <span class='ocrx_word' id='word_1_153' title='bbox 1238 3287 1308 3341; x_wconf 88' lang='lat' dir='ltr'><strong>sunt</strong></span> <span class='ocrx_word' id='word_1_154' title='bbox 1331 3286 1359 3343; x_wconf 87' lang='lat' dir='ltr'><strong>et</strong></span> <span class='ocrx_word' id='word_1_155' title='bbox 1376 3278 1420 3338; x_wconf 76' lang='lat' dir='ltr'><strong>nt·</strong></span> <span class='ocrx_word' id='word_1_156' title='bbox 1481 3304 1483 3399; x_wconf 50' lang='lat' dir='ltr'><strong>q</strong></span> 
     </span>
     <span class='ocr_line' id='line_1_26' title="bbox 460 3377 1481 3463; baseline -0.009 -21"><span class='ocrx_word' id='word_1_157' title='bbox 460 3387 493 3437; x_wconf 77' lang='lat'><strong>25</strong></span> <span class='ocrx_word' id='word_1_158' title='bbox 510 3383 568 3443; x_wconf 91' lang='lat' dir='ltr'><strong>tioa</strong></span> <span class='ocrx_word' id='word_1_159' title='bbox 591 3390 619 3444; x_wconf 88' lang='lat' dir='ltr'><strong>et</strong></span> <span class='ocrx_word' id='word_1_160' title='bbox 639 3382 758 3453; x_wconf 84' lang='lat' dir='ltr'><strong>italica,¹</strong></span> <span class='ocrx_word' id='word_1_161' title='bbox 772 3382 924 3445; x_wconf 88' lang='lat' dir='ltr'><strong>nonnullis</strong></span> <span class='ocrx_word' id='word_1_162' title='bbox 946 3401 1016 3444; x_wconf 84' lang='lat' dir='ltr'><strong>vero</strong></span> <span class='ocrx_word' id='word_1_163' title='bbox 1039 3390 1069 3444; x_wconf 88' lang='lat' dir='ltr'><strong>et</strong></span> <span class='ocrx_word' id='word_1_164' title='bbox 1091 3383 1209 3463; x_wconf 73' lang='lat' dir='ltr'><strong>Syriaca</strong></span> <span class='ocrx_word' id='word_1_165' title='bbox 1232 3388 1259 3443; x_wconf 89' lang='lat' dir='ltr'><strong>et</strong></span> <span class='ocrx_word' id='word_1_166' title='bbox 1275 3377 1419 3461; x_wconf 71' lang='lat' dir='ltr'><strong>Aegyptia,</strong></span> <span class='ocrx_word' id='word_1_167' title='bbox 1480 3438 1481 3453; x_wconf 16' lang='grc' dir='ltr'>ἶ</span> 
     </span>
     <span class='ocr_line' id='line_1_27' title="bbox 424 3456 1481 3563; baseline -0.011 -18"><span class='ocrx_word' id='word_1_168' title='bbox 424 3533 426 3538; x_wconf 89' lang='grc'>.</span> <span class='ocrx_word' id='word_1_169' title='bbox 511 3501 586 3563; x_wconf 92' lang='lat' dir='ltr'><strong>quae</strong></span> <span class='ocrx_word' id='word_1_170' title='bbox 609 3491 638 3546; x_wconf 88' lang='lat' dir='ltr'><strong>et</strong></span> <span class='ocrx_word' id='word_1_171' title='bbox 654 3485 833 3548; x_wconf 88' lang='lat' dir='ltr'><strong>Ptolemaioa</strong></span> <span class='ocrx_word' id='word_1_172' title='bbox 856 3485 1010 3546; x_wconf 83' lang='lat' dir='ltr'><strong>dicuntur:</strong></span> <span class='ocrx_word' id='word_1_173' title='bbox 1034 3502 1111 3563; x_wconf 91' lang='lat' dir='ltr'><strong>quae</strong></span> <span class='ocrx_word' id='word_1_174' title='bbox 1131 3482 1330 3562; x_wconf 84' lang='lat' dir='ltr'><strong>comparanda</strong></span> <span class='ocrx_word' id='word_1_175' title='bbox 1351 3481 1421 3540; x_wconf 88' lang='lat' dir='ltr'><strong>inter</strong></span> <span class='ocrx_word' id='word_1_176' title='bbox 1480 3456 1481 3493; x_wconf 60' lang='lat'>¹</span> 
     </span>
    </p>

    <p class='ocr_par' dir='ltr' id='par_1_11' title="bbox 511 3587 929 3650">
     <span class='ocr_line' id='line_1_28' title="bbox 511 3587 929 3650; baseline 0.007 -4"><span class='ocrx_word' id='word_1_177' title='bbox 511 3604 575 3647; x_wconf 85' lang='lat' dir='ltr'><strong>sese</strong></span> <span class='ocrx_word' id='word_1_178' title='bbox 598 3593 627 3645; x_wconf 91' lang='lat' dir='ltr'><strong>et</strong></span> <span class='ocrx_word' id='word_1_179' title='bbox 649 3587 828 3650; x_wconf 78' lang='lat' dir='ltr'><strong>eonferenda</strong></span> <span class='ocrx_word' id='word_1_180' title='bbox 850 3592 929 3649; x_wconf 90' lang='lat' dir='ltr'><strong>sunt.</strong></span> 
     </span>
    </p>
   </div>
   <div class='ocr_carea' id='block_1_7' title="bbox 510 3721 712 3734">
    <p class='ocr_par' dir='ltr' id='par_1_12' title="bbox 510 3721 712 3734">
     <span class='ocr_line' id='line_1_29' title="bbox 510 3721 712 3734; baseline -0.01 0"><span class='ocrx_word' id='word_1_181' title='bbox 510 3721 712 3734; x_wconf 50' lang='grc' dir='ltr'><strong>*ιι-</strong></span> 
     </span>
    </p>
   </div>
   <div class='ocr_carea' id='block_1_8' title="bbox 579 3791 777 3857">
    <p class='ocr_par' dir='ltr' id='par_1_13' title="bbox 579 3791 777 3857">
     <span class='ocr_line' id='line_1_30' title="bbox 579 3791 777 3857; baseline 0.01 -17"><span class='ocrx_word' id='word_1_182' title='bbox 579 3791 620 3844; x_wconf 86' lang='grc'><strong>11.</strong></span> <span class='ocrx_word' id='word_1_183' title='bbox 642 3793 673 3846; x_wconf 88' lang='lat' dir='ltr'><strong>V.</strong></span> <span class='ocrx_word' id='word_1_184' title='bbox 691 3791 777 3857; x_wconf 81' lang='lat' dir='ltr'><strong>praef.</strong></span> 
     </span>
    </p>
   </div>
   <div class='ocr_carea' id='block_1_9' title="bbox 0 0 1772 4400">
    <p class='ocr_par' dir='ltr' id='par_1_14' title="bbox 0 0 1772 4400">
     <span class='ocr_line' id='line_1_31' title="bbox 0 0 1772 4400; baseline 0 0"><span class='ocrx_word' id='word_1_185' title='bbox 0 0 1772 4400; x_wconf 95' lang='lat' dir='ltr'><strong> </strong></span> 
     </span>
    </p>
   </div>
  </div>
 </body>
</html>
