3534 4400
302 188 709 197 —————-——

336 378 419 461 [127]
498 400 978 443 ux1s1uomarruouoaraauu
999 402 1115 445 marus.
1205 380 1264 443 121

405 530 466 593 22.
497 534 590 593 Corus
618 531 695 591 XXX
725 532 891 592 modiorum
926 550 1064 594 mensura
1100 534 1263 612 conpletur.

338 634 389 692 hio
415 652 456 692 ex
480 633 627 693 Hebraico
650 623 791 693 sermone
810 626 976 702 descenitit,
1000 637 1049 711 qui
1071 642 1191 695 vocatur
1214 653 1266 694 cor

338 752 352 791 a
378 733 578 793 similitudine
601 732 693 794 coitis.
731 752 817 793 corea
840 735 918 793 euim
941 734 1080 795 hebraice
1102 734 1191 794 colies
1214 754 1265 813 ap·
1353 727 1356 738 ¹

337 832 508 911 pellantur.
548 836 811 897 coacervatienim
835 835 924 894 modii
946 837 1066 913 triginta
1087 837 1181 895 instar
1204 834 1264 894 eol-

338 933 376 993 lis
404 934 546 994 videntur
570 941 598 993 et
620 951 695 992 onus
718 933 822 994 cameli
846 935 987 995 efficiunt.
1285 933 1301 980 5

343 1182 419 1247 127.
472 1184 525 1245 Ec
554 1185 660 1245 eodem
688 1184 768 1246 libro
797 1194 895 1265 caput
921 1186 960 1247 de
986 1189 1068 1249 uotis
1095 1186 1268 1268 ponderum

585 1294 613 1347 et
634 1305 850 1347 mensurarum
875 1286 1042 1371 (XXVH).

531 1438 630 1488 XXVI.
666 1440 715 1487 DE
735 1439 855 1489 SIGNIS
873 1440 1089 1491 PONDERUM.

415 1572 445 1633 1.
469 1570 616 1633 Ponderis
645 1574 727 1651 signa
756 1572 904 1651 plerisque
934 1577 1031 1651 ignota
1057 1582 1175 1635 sumet
1200 1575 1268 1634 iude

348 1686 487 1733 errorem
517 1672 684 1749 legentibus
711 1675 831 1734 iaciunt.
876 1683 1056 1755 quapropter
1085 1676 1196 1735 formas
1218 1694 1268 1734 eo·
1288 1686 1321 1733 10
1395 1733 1399 1739 .

349 1792 417 1833 rum
442 1784 471 1834 et
495 1783 670 1842 caracteres
695 1781 726 1834 ut
750 1792 764 1833 a
789 1774 938 1845 veteribus
961 1778 1072 1852 signata
1088 1783 1165 1845 suot,
1188 1774 1269 1835 subi·

349 1876 475 1937 ciamus.
691 1934 694 1941 ,

416 1973 445 2037 2.
470 1973 498 2037 Ζ
520 1975 617 2036 littera
640 1976 958 2052 siguificat‘dimidium
982 1977 1111 2038 obuium.

417 2074 447 2137 3.
464 2099 496 2111 ·
526 2075 635 2153 virgula
665 2076 826 2155 aequaliter
853 2080 952 2139 iacens
980 2087 1009 2139 et
1036 2087 1173 2158 porrecta
1201 2082 1270 2139 sim·

354 2175 469 2254 pliciter
492 2179 635 2254 siguificat
656 2177 785 2238 obolum.
1291 2186 1323 2236 15

419 2277 448 2340 4.
473 2302 505 2338 =
530 2281 645 2356 gemina
670 2279 781 2357 virgula
807 2281 864 2340 duo
889 2281 966 2341 oboli
990 2289 1067 2342 sunt.

419 2377 449 2440 5,
472 2379 497 2442 Τ
518 2381 654 2440 Latinum
678 2381 823 2458 siguificat
845 2381 950 2440 obolos
972 2390 1042 2441 trec.

421 2477 448 2540 6.
474 2485 489 2542 f
511 2482 645 2541 Latinum
669 2481 815 2558 siguificat
837 2480 941 2541 obolos
964 2488 1111 2558 quattuor.

422 2579 449 2642 7.
474 2577 501 2644 Ε
524 2582 661 2642 Latinum
686 2583 869 2640 demonstrat
893 2580 997 2640 obolos
1020 2583 1158 2658 quiu'quc.

421 2680 449 2743 8.
474 2681 560 2742 Oboli
583 2700 653 2741 vero
676 2701 727 2742 sex
750 2688 908 2760 propterea
933 2690 1114 2741 caracterem
1137 2698 1196 2740 non
1221 2680 1272 2740 ha·
1292 2687 1326 2734 20

360 2781 428 2842 heut
457 2803 491 2842 eo
515 2783 643 2861 quadiu
667 2801 727 2843 ura
749 2783 869 2859 dragma
887 2778 943 2842 ¹ser
967 2784 1098 2850 veniant,
1128 2781 1206 2860 quod
1230 2790 1275 2840 est

361 2883 471 2958 pondus
494 2883 606 2943 denarii
629 2883 752 2958 arpenti.

424 3105 448 3153 1.
461 3100 569 3152 Chorus
582 3099 641 3150 BC²
692 3102 845 3168 completur
856 3102 904 3151 Bc
972 3104 996 3151 2.
1010 3102 1148 3151 discendit
1157 3102 1192 3164 A,
1209 3103 1275 3150 idem
1298 3100 1300 3108 ⁴

361 3183 415 3248 ac,
444 3189 494 3237 sea
510 3174 593 3284 ethra
611 3201 626 3236 ο
644 3201 776 3250 superna.
853 3202 901 3236 eor
917 3187 943 3235 A
962 3185 996 3249 (v.
1013 3188 1062 3238 au.
1076 3185 1095 3234 r
1108 3202 1136 3249 ρ.
1154 3188 1218 3248 273,
1238 3183 1274 3247 7),

362 3299 423 3338 cora
441 3286 490 3352 Bo,
516 3287 623 3337 corat]
689 3290 714 3342 3.
735 3252 853 3337 ciriae
918 3286 1071 3337 hebraicae
1088 3286 1113 3335 Α
1182 3286 1209 3338 4,
1226 3285 1275 3334 tri-

363 3376 441 3434 genta
459 3373 500 3430 A,
519 3372 594 3421 XXX
613 3372 674 3422 Boo
746 3372 770 3420 5.
790 3370 902 3420 camelli
920 3369 973 3419 AB
1043 3373 1083 3420 10.
1104 3370 1241 3420 errare‘A

364 3453 447 3506 famas
466 3456 492 3504 B
563 3459 605 3505 11.
624 3459 713 3505 itaut
732 3455 765 3504 Co
837 3459 877 3506 13.
897 3455 1006 3504 litterra
1024 3455 1048 3503 A
1118 3453 1221 3502 otelum
1239 3450 1278 3503 B²

329 3529 814 3591 '14⁴1o.noraa-er:om.B¹0²
884 3540 925 3591 16.
937 3539 1080 3603 geminata
1092 3537 1153 3587 BCo
1221 3539 1277 3586 uir-

366 3611 466 3703 giilaB
537 3643 576 3693 17.
596 3644 692 3696 obolos
711 3643 751 3692 III
771 3640 820 3690 Bu
891 3641 931 3689 18.
951 3637 1150 3703 quatuorBCv
1233 3639 1277 3688 20.

367 3723 549 3776 characterem
562 3725 623 3778 BCa
688 3729 730 3778 21.
742 3727 857 3775 veniunt
871 3723 899 3785 G,
912 3725 978 3773 idem
987 3723 1022 3787 B,
1033 3725 1082 3772 red
1092 3739 1161 3772 corr.
1175 3725 1233 3772 ead.
1246 3738 1279 3770 m.
