3534 4400
513 365 573 429 148
797 386 948 428 λαοααοι
969 386 1011 426 An
1025 385 1096 428 τοο.
1112 386 1134 425 1.

511 517 684 585 παλαιςτὰς
715 516 891 582 εἰκοςιεπτὰ
918 517 969 580 καὶ
997 516 1166 581 κόνδυλον.
1203 516 1358 595 παλαιςτὴ
1387 518 1419 581 δέ

511 605 593 670 ἐςτιν
611 600 629 666 ὁ
644 601 797 681 γρόνθος·
818 602 956 682 γρόνθος
976 602 1012 664 δέ
1031 601 1094 664 ἐςτι
1107 604 1175 665 τῶν
1190 601 1352 681 τεςςάρων
1368 606 1418 665 δα-

466 755 467 764 ,
512 689 637 753 κτύλων
658 688 918 767 ςυνεςφιγμένων
933 687 971 750 τὸ
991 685 1156 764 διάςτημα,
1177 685 1337 750 κόνδυλος
1354 686 1418 762 δὲὴ

510 778 568 838 τοῦ
590 772 767 851 ἀντίχειρος
796 770 924 835 ἔκταςις.
956 772 1013 848 τὴν
1036 771 1093 848 μὲν
1116 769 1174 834 οὖν
1198 770 1356 849 ςπορίμην
1375 771 1420 832 καὶ

508 858 700 936 ὑπάμπελον
721 860 782 933 γῆν
805 857 840 919 ἐν
863 857 920 933 μὲν
940 858 1008 919 ταῖς
1030 857 1198 934 βαςιλικαῖς
1218 854 1420 935 ἀπογραφαῖς

513 942 612 1025 ταύτῃ
628 947 665 1025 τῇ
685 941 798 1023 ὀργυιᾷ
813 940 1035 1017 παραδιδάαςι,
1058 941 1108 1003 διὸ
1125 940 1175 1003 καὶ
1190 942 1331 1018 βαςιλική
1347 939 1419 1015 αὕτη

508 1030 664 1102 καλεῖται,
679 1027 699 1103 ἡ
716 1024 982 1103 ἑνδεκαςπίθαμος
996 1025 1132 1102 δηλαδή·
1155 1024 1189 1089 ἐν
1207 1026 1243 1087 δὲ
1256 1026 1329 1089 ταῖς
1347 1023 1420 1101 πρά-

510 1132 591 1177 ςεςιν
618 1110 763 1175 ἐλάττονι
785 1110 898 1192 ὀργυιᾷ
923 1113 1079 1187 ποιοῦμεν
1106 1110 1164 1186 τὴν
1186 1110 1419 1188 καταμέτρηςιν,

511 1197 556 1259 ὡς
571 1197 621 1258 καὶ
637 1196 756 1259 ἐντοῖς
772 1194 884 1272 νόμοις
905 1194 1095 1272 διείληπται,
1115 1192 1164 1257 ἀεὶ
1178 1196 1234 1271 τῆς
1248 1198 1318 1258 τῶν
1335 1213 1420 1258 πενε-

511 1280 634 1359 ςτέρων
651 1281 959 1358 καταςτοχαζόμενοι
974 1278 1135 1358 βοηθείας·
1149 1282 1237 1341 δοκεῖ
1249 1279 1313 1357 γὰρ
1328 1277 1419 1341 ὁπω-

511 1367 590 1441 λάιν,
606 1366 685 1427 καθὸ
700 1366 813 1441 πωλεῖ,
829 1369 888 1428 τοῦ
900 1363 1118 1442 ἀγοράζοντος
1129 1361 1211 1427 εἶναι
1223 1364 1420 1441 πενέςτερος,

511 1450 537 1514 εἰ
555 1450 605 1512 καὶ
622 1450 662 1527 μὴ
678 1449 727 1513 ἀεὶ
742 1452 839 1513 τοῦτο
856 1448 1023 1527 ςυμβαίνει.
1053 1447 1135 1511 ἀλλὰ
1158 1449 1197 1526 δὴ
1219 1448 1270 1510 καὶ
1286 1448 1370 1526 πρὸς
1388 1446 1420 1509 τὸ

510 1535 605 1613 μέρος
627 1536 685 1597 τοῦ
707 1534 858 1611 δημοςίου
879 1533 1117 1611 ςιιγκρινόμενοι
1142 1532 1172 1595 οἱ
1192 1531 1421 1612 ἀπογραφικάις

510 1618 816 1698 παραλαμβάνοντες
836 1618 874 1682 τά
894 1619 986 1695 γήδια
1007 1616 1108 1699 μυρίῳ
1127 1617 1182 1680 εἰςὶ
1196 1618 1420 1694 ταπεινότεροι.

510 1704 591 1781 ὁτὲθ)
608 1704 665 1781 μὲν
681 1702 740 1768 οὖν
753 1702 1057 1782 παραλαμβάνουςιν
1069 1700 1104 1766 ἐν
1116 1708 1153 1784 τῇ
1171 1700 1350 1784 ἀπογραφῇ
1365 1699 1420 1778 μεί-

434 1842 443 1856 .
510 1788 750 1865 Ζοναδικαίανά)
766 1788 919 1865 εἶναιτὴν
936 1786 1079 1865 ὀργυιάν,
1098 1785 1152 1850 ὁτὲ
1167 1788 1203 1851 δὲ
1218 1788 1421 1865 παραδιδοῦςι

511 1872 741 1952 πιπράςκοντες
763 1872 926 1937 ἐλάττονα.
955 1874 1013 1950 τὴν
1032 1872 1067 1934 δὲ
1090 1871 1254 1951 λιβαδαὶαν
1276 1873 1330 1935 καὶ
1346 1870 1420 1948 ὀρει-

512 1961 572 2036 νὴν
598 1957 643 2019 ὡς
666 1956 762 2035 ἦττον
790 1957 964 2036 εὔχρηςτον
990 1956 1108 2035 μείζονι
1129 1956 1148 2034 ἢ
1169 1955 1420 2034 ἑνδεκαςπιθάμιμ

512 2042 627 2123 ὀργυιᾷ
644 2044 819 2120 μετροῦμεν
829 2043 859 2119 ⁵),

578 2130 616 2187 69
632 2149 670 2186 vs.
687 2132 714 2187 3.
744 2130 809 2185 Vide
831 2148 861 2186 ea
885 2149 954 2205 quae
975 2132 1006 2186 ad
1029 2150 1055 2204 p.
1072 2131 1148 2202 208,
1166 2132 1206 2189 10
1227 2150 1249 2187 s.
1270 2131 1368 2188 addidi.
1384 2160 1419 2172 -

512 2215 577 2271 [bid.
589 2233 626 2271 vs,
641 2217 658 2272 7
673 2216 705 2272 ab
721 2215 772 2272 ult.
787 2210 948 2289 Ἑλληνικὴ
965 2211 1097 2289 κοτύλη,
1114 2220 1157 2273 cui
1172 2217 1242 2273 libra
1258 2236 1314 2274 una
1331 2213 1419 2272 tribui·

514 2310 572 2372 tur,
597 2300 714 2357 Christio
730 2319 757 2375 p.
774 2300 835 2358 458
858 2302 910 2358 alia
931 2319 991 2358 esse
1011 2302 1101 2375 cotyla
1117 2320 1152 2366 ρο
1172 2301 1292 2376 vulgaris
1311 2302 1418 2365 videtur,

513 2401 582 2459 quae
599 2388 678 2442 tertia
693 2393 771 2460 parte
790 2382 877 2442 ma'ior
892 2387 975 2443 fuerit
990 2389 1077 2442 Attica
1095 2395 1122 2442 et
1136 2387 1254 2444 Romana
1271 2387 1370 2461 cotyla.
1387 2412 1418 2424 ν

513 2471 579 2526 lbid.
596 2489 634 2529 vs.
653 2471 671 2526 2
687 2471 720 2527 ab
736 2472 786 2528 ult.
802 2471 835 2528 de
849 2471 1029 2528 Alexandrina
1045 2471 1133 2545 cotyla
1149 2473 1220 2528 conf.
1235 2472 1257 2527 11
1267 2491 1296 2546 ρ.
1307 2471 1347 2528 42
1362 2483 1416 2526 cum

512 2556 572 2611 adn.
586 2555 615 2612 4.

578 2641 639 2698 100
654 2659 692 2696 vs.
710 2639 749 2695 14
763 2657 813 2714 pro
831 2641 848 2712 S
864 2639 904 2697 55
923 2641 984 2712 lege
1003 2641 1020 2712 S
1037 2639 1086 2697 52.

577 2724 637 2780 144
653 2725 713 2779 adn.
728 2725 757 2780 4.
779 2725 879 2780 Locum
902 2726 934 2780 de
955 2726 1043 2781 folle
1064 2743 1078 2781 e
1098 2724 1355 2784 cod.1³aris.2665
1374 2736 1417 2776 nu·

516 2825 595 2882 pera
614 2808 731 2864 Christio
748 2809 850 2864 editum
866 2810 975 2865 exhibui
992 2807 1062 2866 infra
1078 2811 1153 2884 adp.
1170 2810 1230 2868 267
1249 2829 1288 2866 vs.
1305 2811 1333 2866 4,

579 2891 714 2948 145-adn.
730 2911 767 2949 vs.
784 2891 803 2947 4
819 2893 880 2966 lege
897 2887 1049 2966 ἑξήκοντα
1068 2888 1231 2968 ἀςςάρια
1251 2895 1313 2970 (ρτο
1328 2881 1414 2964 δηνά-

514 2971 574 3052 ρια)
592 2969 741 3050 ὑπῆρχεν.

578 3060 638 3119 182
651 3060 716 3117 vs.5
732 3054 829 3121 ἄκενα
844 3062 985 3119 άεΙαιιάιιιιι
999 3059 1165 3139 essefcenset
1176 3064 1308 3122 Christius
1320 3058 1415 3139 p.451.

513 3147 630 3202 -1hid.
647 3164 684 3202 vs.
696 3147 735 3204 13
751 3148 830 3204 verba
846 3143 897 3206 καὶ
913 3142 1125 3221 Φιλεταίρειος
1140 3144 1315 3222 λεγόμενος
1329 3158 1415 3216 suspe-

515 3240 557 3288 cta
576 3233 701 3288 videntur
715 3233 811 3289 eidem.

580 3481 607 3544 3)
627 3481 676 3532 ὅτε
695 3482 763 3546 cod„
781 3483 791 3530 i
806 3497 847 3536 em
865 3499 926 3532 mox
943 3481 993 3534 ὅτε
1011 3482 1049 3536 δέ.

580 3550 607 3612 4)
627 3546 733 3600 δίκαιον
752 3549 811 3600 αοά.

581 3617 609 3683 5)
627 3619 694 3668 Post
712 3619 868 3680 μετροῦμεν
885 3620 1085 3669 interciderunt
1101 3619 1231 3671 nonnulla
1249 3621 1279 3669 in
1298 3613 1410 3670 Gudiano

515 3685 620 3736 codice.
656 3685 840 3736 Friedleinius
865 3703 898 3736 ex
919 3687 1080 3751 Monacensi
1107 3689 1196 3738 addit:
1226 3687 1271 3738 καὶ
1299 3681 1410 3748 ιιαλεῑτέίῑι

514 3751 586 3816 αὕτη
605 3754 665 3806 τῶν
682 3750 869 3816 ὑποβάλωνή
891 3752 996 3817 ὀργυιά,
