3534 4400
483 406 529 471 40
799 422 1034 467 rsouasomrua
1055 422 1088 465 m

486 566 610 637 Magnam
639 564 830 620 auctoritatem
858 563 930 617 inter
957 560 1070 617 Graecas
1100 559 1228 633 reliquias
1258 558 1403 615 tribuimus

487 648 595 705 duobus
624 647 801 722 fragmentis,
828 645 908 702 alteri
933 638 1006 717 περὶ
1030 637 1198 703 ταλάντων
1220 642 1299 715 (95),
1324 642 1404 701 alteri

488 728 561 806 περὶ
576 726 700 806 μέτρων
716 731 794 803 (81),
818 748 888 804 quac
903 731 931 785 in
947 728 1085 787 codicibus
1102 728 1156 786 hoc
1171 746 1226 803 quo
1243 728 1334 784 statim
1348 728 1404 785 dixi

489 818 584 875 ordiuc
597 817 689 891 posita
704 823 769 872 suut
783 813 865 889 (prol.
881 814 900 885 S
917 810 977 889 86).
1009 814 1046 871 lia
1061 813 1130 884 lam,
1152 820 1183 870 ut
1197 812 1288 895 breris
1305 814 1340 869 sit
1355 830 1405 887 ap-

487 902 613 976 pellatio,
628 899 821 957 Alexandrinas
837 898 942 955 tabulas
956 914 1092 955 vocemus.
1125 898 1178 954 Has
1196 898 1283 973 igitur
1299 896 1408 953 tabulas

463 988 607 1059 ,Graecus
628 985 674 1041 ille
694 984 814 1059 scriptor
834 999 915 1058 quem
936 982 1032 1040 Calvus
1054 984 1188 1057 expressit
1214 985 1251 1039 ita
1271 982 1298 1037 iu
1319 998 1406 1038 uuum

490 1079 634 1128 tractatum
657 1068 812 1138 coniunxit,
834 1076 865 1124 ut
888 1074 916 1123 et
934 1068 1012 1124 initio
1033 1076 1061 1125 et
1080 1068 1107 1123 in
1125 1066 1178 1123 fine
1194 1084 1280 1141 pauca
1296 1065 1407 1123 aliunde

489 1157 606 1230 repetita
627 1154 755 1226 adderet,
777 1162 806 1209 ct
826 1168 842 1209 a
862 1152 957 1227 priorc
977 1152 1068 1209 tabula
1083 1152 1115 1208 ad
1131 1152 1243 1208 alteram
1261 1142 1406 1208 tran’situm

488 1241 592 1297 laceret
611 1238 655 1294 his
677 1237 767 1294 verbis
792 1243 947 1311 quaesunt
968 1238 1038 1311 apud
1059 1236 1167 1295 Calvum
1189 1238 1248 1293 Sed
1267 1254 1345 1293 nunc
1367 1236 1408 1291 de

488 1328 630 1380 mensoris
644 1321 673 1394 (S
691 1319 750 1397 10).
778 1323 833 1378 lam
846 1323 874 1377 in
889 1321 961 1377 libro
978 1321 1080 1379 Graeco
1096 1338 1150 1395 quo
1167 1339 1235 1379 usus
1251 1331 1293 1379 est
1307 1321 1407 1377 Calvus

486 1409 632 1478 Alricau03
652 1406 830 1465 celeberrimo
847 1406 986 1480 scriptori,
1003 1405 1070 1463 haec
1084 1409 1217 1479 expositio
1232 1407 1334 1464 tributa
1351 1414 1408 1475 est,

488 1493 658 1567 eundemque
678 1491 788 1548 titulum
812 1492 840 1547 in
856 1489 910 1547 alio
924 1491 1017 1548 codice
1032 1489 1134 1548 invenit
1149 1490 1297 1549 Salmasius
1312 1490 1376 1565 (vol.
1390 1484 1405 1547 ¹l

488 1597 516 1654 p.
529 1577 592 1649 81),
607 1578 654 1651 qui
669 1576 822 1651 amphorac'
830 1574 1015 1633 definitionem
1030 1576 1141 1632 eandem
1156 1592 1237 1650 quam
1248 1575 1344 1632 Calvus
1359 1593 1408 1631 cs·

487 1662 591 1737 pressit
611 1661 739 1719 Graecam
764 1662 842 1718 allent
867 1677 900 1716 ex
921 1660 997 1717 Iulio
1015 1659 1159 1730 Africano
1183 1667 1214 1718 in
1238 1658 1407 1735 fragmento

488 1741 556 1822 περὶ
574 1741 688 1823 μέτρων
707 1746 749 1802 vel
771 1762 802 1802 ea
816 1745 965 1815 Africano
986 1752 1018 1802 tn
1033 1746 1125 1803 Gestis
1147 1751 1245 1818 capite
1266 1739 1333 1817 περὶ
1353 1739 1408 1819 με’·
1496 1748 1497 1801 3

486 1849 567 1903 τρων
581 1825 632 1887 καὶ
646 1829 800 1904 σταθμῶν.
830 1831 880 1888 llic
901 1832 960 1905 ipsu
975 1829 1098 1887 Salmasii
1114 1830 1194 1888 verba
1210 1847 1336 1905 magnam
1355 1832 1409 1887 du·
1434 1856 1437 1863 ·

487 1916 647 1972 bitatiouem
670 1915 842 1988 relinquunt;
865 1920 911 1989 qui
932 1915 955 1971 si
972 1914 1026 1971 ista
1041 1915 1141 1973 Graeca
1157 1916 1260 1973 invenit
1275 1922 1306 1971 tn
1317 1914 1408 1990 fraq-

488 2006 584 2057 mcoto
604 1994 677 2071 περὶ
697 1992 839 2071 μέτρων,
866 2000 917 2056 hoc
943 2001 1118 2056 statuendum
1145 2008 1187 2057 cst
1212 2000 1284 2075 quod
1311 2000 1408 2057 statim

488 2085 589 2141 dicturi
611 2100 719 2149 sumus;
743 2082 785 2138 sin
809 2100 873 2139 vero
897 2099 928 2139 es
946 2082 1087 2141 Gestorum
1110 2100 1192 2159 opere
1213 2102 1243 2141 ea
1266 2085 1407 2161 repetivit,

487 2169 571 2244 louge
591 2166 670 2225 aliter
691 2184 720 2225 se
742 2183 787 2224 res
808 2167 889 2231 habet
908 2184 959 2225 nec
977 2170 1071 2242 negari
1086 2177 1178 2245 potest
1193 2170 1281 2245 ipsum
1299 2170 1409 2227 dlrica-

488 2271 553 2311 num
568 2255 638 2310 hanc
653 2252 851 2327 expositionem
870 2271 885 2310 e
903 2253 1100 2312 vetustioribus
1115 2255 1231 2326 tabulis,
1255 2253 1326 2331 ips'as
1341 2253 1408 2312 illas

486 2338 681 2395 Alexandriuas
697 2337 768 2408 dico,
784 2338 989 2396 concinnavissc
1005 2355 1139 2413 suumque
1153 2342 1181 2396 lo
1195 2357 1264 2414 opus
1282 2338 1409 2397 collecti·

489 2425 562 2482 cium
585 2424 741 2480 inseruisse.
788 2423 841 2480 Sed
864 2422 967 2480 residet
988 2424 1017 2480 in
1039 2433 1130 2481 mente
1153 2425 1315 2498 scrupulus,
1340 2441 1408 2483 cum

489 2509 576 2567 altero
599 2508 660 2566 loco
679 2505 875 2582 srapmeutom
892 2508 1013 2565 Alricaui
1034 2511 1156 2566 citaverit
1176 2508 1333 2566 Salmasius.
1364 2508 1409 2566 Ne

488 2595 590 2665 multa,
612 2594 737 2668 equidem
757 2593 876 2652 arbitror
891 2593 1003 2652 minime
1019 2609 1098 2650 omne
1113 2593 1255 2651 Gestorum
1270 2595 1340 2668 opus
1354 2599 1408 2651 aul

489 2681 620 2737 maiorem
638 2687 743 2754 partem
758 2680 834 2749 eius,
857 2679 928 2735 unde
946 2679 999 2734 hoc
1016 2678 1049 2733 de
1063 2681 1199 2736 mensuris
1214 2688 1296 2752 caput
1310 2678 1409 2736 lauda·

487 2766 567 2832 verit,
583 2762 743 2819 Salmasium
757 2763 785 2818 iu
801 2761 926 2819 manibus
940 2761 1079 2835 habuisse,
1096 2763 1143 2820 sed
1158 2763 1248 2820 solum
1264 2765 1316 2821 hoc
1328 2764 1407 2838 lrag·

487 2856 610 2903 mentum
627 2848 656 2901 io
673 2845 751 2902 libris
768 2846 903 2903 invenisse
920 2847 1002 2922 idque
1018 2864 1066 2904 sua
1084 2848 1240 2905 coniectura
1258 2849 1292 2904 ad
1307 2848 1409 2906 Cestos

487 2930 607 2987 Alricaui
623 2929 760 2987 retulisse.
792 2929 869 2998 Quod
889 2932 913 2986 si
928 2947 1020 2989 verum
1042 2939 1100 3004 est,
1119 2932 1284 3007 relinquitur
1307 2935 1407 2990 ut-mi-

488 3017 560 3072 nime
583 3032 635 3089 pro
656 3022 798 3088 comperto
825 3014 977 3074 habendum
1001 3019 1036 3073 sit
1057 3016 1214 3075 Alricauum
1240 3017 1307 3075 haec
1334 3019 1407 3074 scri·

487 3103 590 3176 psisse:
616 3116 695 3174 quam
717 3098 796 3156 lacile
811 3100 881 3156 cuim
896 3115 1038 3158 censemus
1054 3100 1112 3158 lieri
1127 3103 1268 3176 potuisse,
1292 3109 1323 3158 ut
1338 3103 1405 3160 huic

487 3185 641 3258 fragmento
662 3201 677 3240 a
697 3181 809 3241 librario
832 3185 942 3259 aliquo,
969 3203 1024 3260 quo
1044 3187 1131 3243 maior
1155 3187 1303 3244 auctoritas
1319 3181 1405 3258 esset,

486 3269 693 3327 celeberrimum
708 3268 827 3326 siricam
841 3273 942 3327 nomeu
957 3269 1162 3345 praefigeretur.
1358 3337 1360 3340 ¹

550 3353 621 3411 llaec
635 3354 664 3410 iu
678 3353 832 3411 uuiversum
847 3355 1009 3429 disputanda
1025 3355 1151 3413 luerunt:
1176 3359 1227 3414 iarn
1243 3355 1404 3432 singillatim

487 3437 618 3495 Graecum
640 3438 711 3495 Calvi
737 3436 838 3497 librum
862 3456 924 3497 cum
944 3440 1133 3498 Alexandrinis
1159 3441 1258 3498 tabulis
1285 3441 1404 3516 aliisque

488 3523 549 3581 eius
563 3526 671 3595 generis
688 3524 848 3602 fragmentis
864 3540 1061 3598 comparemus.

548 3607 668 3666 Primum
695 3607 813 3666 Graccus
839 3609 910 3666 Calvi
937 3610 1057 3684 scriptor
1078 3607 1122 3685 (ir.
1146 3610 1204 3668 141
1228 3610 1246 3684 3
1269 3609 1298 3684 1)
1320 3609 1401 3674 breve

487 3693 627 3751 exordium
651 3694 717 3752 lecit
742 3694 830 3752 simde
852 3693 1014 3770 quibusdam
1036 3694 1144 3754 Graecis
1167 3693 1267 3752 tabulis
1291 3694 1336 3767 (lr.
1358 3695 1397 3752 51

485 3797 527 3837 vs.
541 3776 572 3851 4,
590 3779 624 3837 lr.
639 3780 691 3854 66,
710 3778 755 3854 1);
774 3789 831 3838 tum
849 3779 944 3854 posuit
959 3788 1045 3838 totam
1058 3780 1266 3839 Alexandrinam
1281 3779 1400 3846 tabulam
