<?xml version="1.0" encoding="UTF-8"?>
<!DOCTYPE html PUBLIC "-//W3C//DTD XHTML 1.0 Transitional//EN"
    "http://www.w3.org/TR/xhtml1/DTD/xhtml1-transitional.dtd">
<html xmlns="http://www.w3.org/1999/xhtml" xml:lang="en" lang="en">
 <head>
  <title>
</title>
<meta http-equiv="Content-Type" content="text/html;charset=utf-8" />
  <meta name='ocr-system' content='tesseract 3.04.00' />
  <meta name='ocr-capabilities' content='ocr_page ocr_carea ocr_par ocr_line ocrx_word'/>
</head>
<body>
  <div class='ocr_page' id='page_1' title='image "./metrologicorums00hultgoog_0112.png"; bbox 0 0 3534 4400; ppageno 0'>
   <div class='ocr_carea' id='block_1_1' title="bbox 474 372 1398 455">
    <p class='ocr_par' dir='ltr' id='par_1_1' title="bbox 474 372 1398 455">
     <span class='ocr_line' id='line_1_1' title="bbox 474 372 1398 455; baseline -0.014 -13"><span class='ocrx_word' id='word_1_1' title='bbox 474 378 515 442; x_wconf 87' lang='grc'>76</span> <span class='ocrx_word' id='word_1_2' title='bbox 692 388 696 393; x_wconf 93' lang='grc'><strong>’</strong></span> <span class='ocrx_word' id='word_1_3' title='bbox 719 372 795 439; x_wconf 76' lang='lat' dir='ltr'>noct</span> <span class='ocrx_word' id='word_1_4' title='bbox 817 396 836 436; x_wconf 84' lang='lat' dir='ltr'>n</span> <span class='ocrx_word' id='word_1_5' title='bbox 858 394 959 438; x_wconf 83' lang='lat' dir='ltr'>rnsro</span> <span class='ocrx_word' id='word_1_6' title='bbox 981 396 1022 437; x_wconf 79' lang='grc'>55</span> <span class='ocrx_word' id='word_1_7' title='bbox 1044 394 1157 437; x_wconf 76' lang='lat' dir='ltr'>rnuno.</span> <span class='ocrx_word' id='word_1_8' title='bbox 1317 372 1398 455; x_wconf 78' lang='lat'>[117]</span> 
     </span>
    </p>
   </div>
   <div class='ocr_carea' id='block_1_2' title="bbox 409 528 1483 3629">
    <p class='ocr_par' dir='ltr' id='par_1_2' title="bbox 473 528 1396 675">
     <span class='ocr_line' id='line_1_2' title="bbox 539 528 1396 610; baseline -0.009 -19"><span class='ocrx_word' id='word_1_9' title='bbox 539 529 609 610; x_wconf 86' lang='lat'>[59]</span> <span class='ocrx_word' id='word_1_10' title='bbox 631 534 762 590; x_wconf 83' lang='lat' dir='ltr'>Centenas</span> <span class='ocrx_word' id='word_1_11' title='bbox 787 532 879 607; x_wconf 91' lang='lat' dir='ltr'>pondo</span> <span class='ocrx_word' id='word_1_12' title='bbox 904 530 1030 587; x_wconf 88' lang='lat' dir='ltr'>dicebant</span> <span class='ocrx_word' id='word_1_13' title='bbox 1054 532 1160 605; x_wconf 75' lang='lat' dir='ltr'><strong>antiqui</strong></span> <span class='ocrx_word' id='word_1_14' title='bbox 1183 529 1341 587; x_wconf 80' lang='lat' dir='ltr'>reserentes</span> <span class='ocrx_word' id='word_1_15' title='bbox 1365 528 1396 585; x_wconf 88' lang='lat' dir='ltr'>ad</span> 
     </span>
     <span class='ocr_line' id='line_1_3' title="bbox 473 612 731 675; baseline 0.004 -1"><span class='ocrx_word' id='word_1_16' title='bbox 473 618 569 675; x_wconf 87' lang='lat' dir='ltr'>libras.</span> <span class='ocrx_word' id='word_1_17' title='bbox 727 612 731 623; x_wconf 87' lang='grc'><strong>’</strong></span> 
     </span>
    </p>

    <p class='ocr_par' dir='ltr' id='par_1_3' title="bbox 538 696 1291 778">
     <span class='ocr_line' id='line_1_4' title="bbox 538 696 1291 778; baseline -0.012 -17"><span class='ocrx_word' id='word_1_18' title='bbox 538 696 608 778; x_wconf 95' lang='grc'>[53]</span> <span class='ocrx_word' id='word_1_19' title='bbox 628 701 753 757; x_wconf 79' lang='lat' dir='ltr'>Centurio</span> <span class='ocrx_word' id='word_1_20' title='bbox 769 701 796 756; x_wconf 92' lang='lat' dir='ltr'>in</span> <span class='ocrx_word' id='word_1_21' title='bbox 812 700 887 773; x_wconf 79' lang='lat' dir='ltr'>agris</span> <span class='ocrx_word' id='word_1_22' title='bbox 902 697 1037 773; x_wconf 77' lang='lat' dir='ltr'>significat</span> <span class='ocrx_word' id='word_1_23' title='bbox 1053 698 1170 755; x_wconf 76' lang='lat' dir='ltr'>ducenta</span> <span class='ocrx_word' id='word_1_24' title='bbox 1183 700 1291 770; x_wconf 79' lang='lat' dir='ltr'>iugera.</span> 
     </span>
    </p>

    <p class='ocr_par' dir='ltr' id='par_1_4' title="bbox 538 780 1398 863">
     <span class='ocr_line' id='line_1_5' title="bbox 538 780 1398 863; baseline -0.007 -20"><span class='ocrx_word' id='word_1_25' title='bbox 538 780 607 863; x_wconf 85' lang='lat'><strong>[53]</strong></span> <span class='ocrx_word' id='word_1_26' title='bbox 623 786 796 843; x_wconf 83' lang='lat' dir='ltr'>Centuriatus</span> <span class='ocrx_word' id='word_1_27' title='bbox 811 800 877 855; x_wconf 84' lang='lat' dir='ltr'>ager</span> <span class='ocrx_word' id='word_1_28' title='bbox 893 780 921 837; x_wconf 90' lang='lat' dir='ltr'>in</span> <span class='ocrx_word' id='word_1_29' title='bbox 937 782 1040 839; x_wconf 80' lang='lat' dir='ltr'>ducena</span> <span class='ocrx_word' id='word_1_30' title='bbox 1055 784 1150 854; x_wconf 78' lang='lat' dir='ltr'>iugera</span> <span class='ocrx_word' id='word_1_31' title='bbox 1167 782 1315 852; x_wconf 85' lang='lat' dir='ltr'>definitus,</span> <span class='ocrx_word' id='word_1_32' title='bbox 1334 783 1398 855; x_wconf 86' lang='lat' dir='ltr'>quis</span> 
     </span>
    </p>

    <p class='ocr_par' dir='ltr' id='par_1_5' title="bbox 440 866 1218 939">
     <span class='ocr_line' id='line_1_6' title="bbox 440 866 1218 939; baseline -0.005 -12"><span class='ocrx_word' id='word_1_33' title='bbox 440 870 456 918; x_wconf 78' lang='lat'>5</span> <span class='ocrx_word' id='word_1_34' title='bbox 473 870 604 927; x_wconf 82' lang='lat' dir='ltr'><strong>Romulus</strong></span> <span class='ocrx_word' id='word_1_35' title='bbox 621 869 744 926; x_wconf 84' lang='lat' dir='ltr'><strong>centenis</strong></span> <span class='ocrx_word' id='word_1_36' title='bbox 760 867 862 924; x_wconf 87' lang='lat' dir='ltr'>civibus</span> <span class='ocrx_word' id='word_1_37' title='bbox 879 866 983 923; x_wconf 82' lang='lat' dir='ltr'>ducena</span> <span class='ocrx_word' id='word_1_38' title='bbox 998 868 1094 939; x_wconf 81' lang='lat' dir='ltr'>iugera</span> <span class='ocrx_word' id='word_1_39' title='bbox 1112 866 1218 923; x_wconf 77' lang='lat' dir='ltr'>tribuit.</span> 
     </span>
    </p>

    <p class='ocr_par' dir='ltr' id='par_1_6' title="bbox 537 948 1042 1031">
     <span class='ocr_line' id='line_1_7' title="bbox 537 948 1042 1031; baseline -0.012 -19"><span class='ocrx_word' id='word_1_40' title='bbox 537 948 608 1031; x_wconf 91' lang='grc'>[52]</span> <span class='ocrx_word' id='word_1_41' title='bbox 623 953 774 1023; x_wconf 79' lang='lat' dir='ltr'>choenica,</span> <span class='ocrx_word' id='word_1_42' title='bbox 790 967 932 1007; x_wconf 87' lang='lat' dir='ltr'>mensurae</span> <span class='ocrx_word' id='word_1_43' title='bbox 947 967 1042 1023; x_wconf 74' lang='lat' dir='ltr'>penus.</span> 
     </span>
    </p>

    <p class='ocr_par' dir='ltr' id='par_1_7' title="bbox 537 1032 1040 1113">
     <span class='ocr_line' id='line_1_8' title="bbox 537 1032 1040 1113; baseline -0.012 -18"><span class='ocrx_word' id='word_1_44' title='bbox 537 1032 607 1113; x_wconf 87' lang='grc'>[64]</span> <span class='ocrx_word' id='word_1_45' title='bbox 624 1036 796 1092; x_wconf 77' lang='lat' dir='ltr'>Contrarium</span> <span class='ocrx_word' id='word_1_46' title='bbox 810 1052 873 1111; x_wconf 86' lang='lat' dir='ltr'>aes,</span> <span class='ocrx_word' id='word_1_47' title='bbox 889 1051 970 1107; x_wconf 84' lang='lat' dir='ltr'>grave</span> <span class='ocrx_word' id='word_1_48' title='bbox 986 1050 1040 1090; x_wconf 90' lang='lat' dir='ltr'>aes.</span> 
     </span>
    </p>

    <p class='ocr_par' dir='ltr' id='par_1_8' title="bbox 475 1116 1401 1276">
     <span class='ocr_line' id='line_1_9' title="bbox 538 1116 1401 1197; baseline -0.006 -20"><span class='ocrx_word' id='word_1_49' title='bbox 538 1116 608 1197; x_wconf 82' lang='lat'><strong>[73]</strong></span> <span class='ocrx_word' id='word_1_50' title='bbox 626 1122 740 1176; x_wconf 79' lang='grc'>11551555</span> <span class='ocrx_word' id='word_1_51' title='bbox 759 1119 875 1191; x_wconf 86' lang='lat' dir='ltr'>dicitur,</span> <span class='ocrx_word' id='word_1_52' title='bbox 898 1121 963 1193; x_wconf 91' lang='lat' dir='ltr'>quia</span> <span class='ocrx_word' id='word_1_53' title='bbox 978 1119 1032 1174; x_wconf 85' lang='lat' dir='ltr'>assi</span> <span class='ocrx_word' id='word_1_54' title='bbox 1051 1118 1128 1175; x_wconf 84' lang='lat' dir='ltr'>deest</span> <span class='ocrx_word' id='word_1_55' title='bbox 1148 1128 1273 1188; x_wconf 80' lang='lat' dir='ltr'>sextans,</span> <span class='ocrx_word' id='word_1_56' title='bbox 1297 1134 1401 1191; x_wconf 84' lang='lat' dir='ltr'>quern·</span> 
     </span>
     <span class='ocr_line' id='line_1_10' title="bbox 475 1203 976 1276; baseline -0.008 -13"><span class='ocrx_word' id='word_1_57' title='bbox 475 1204 620 1263; x_wconf 85' lang='lat' dir='ltr'>admodum</span> <span class='ocrx_word' id='word_1_58' title='bbox 635 1203 820 1276; x_wconf 84' lang='lat' dir='ltr'>duodeviginti</span> <span class='ocrx_word' id='word_1_59' title='bbox 835 1210 863 1257; x_wconf 90' lang='grc'>51</span> <span class='ocrx_word' id='word_1_60' title='bbox 879 1204 976 1259; x_wconf 85' lang='lat' dir='ltr'>deunx.</span> 
     </span>
    </p>

    <p class='ocr_par' dir='ltr' id='par_1_9' title="bbox 424 1283 1400 1615">
     <span class='ocr_line' id='line_1_11' title="bbox 424 1283 1400 1364; baseline -0.006 -20"><span class='ocrx_word' id='word_1_61' title='bbox 424 1289 455 1338; x_wconf 93' lang='lat'>10</span> <span class='ocrx_word' id='word_1_62' title='bbox 538 1283 608 1364; x_wconf 89' lang='grc'>[72]</span> <span class='ocrx_word' id='word_1_63' title='bbox 631 1288 837 1361; x_wconf 73' lang='lat' dir='ltr'>dispensatores</span> <span class='ocrx_word' id='word_1_64' title='bbox 861 1287 926 1344; x_wconf 82' lang='lat' dir='ltr'>dicti</span> <span class='ocrx_word' id='word_1_65' title='bbox 954 1289 1001 1359; x_wconf 85' lang='lat' dir='ltr'>qni</span> <span class='ocrx_word' id='word_1_66' title='bbox 1023 1303 1070 1344; x_wconf 89' lang='grc'>555</span> <span class='ocrx_word' id='word_1_67' title='bbox 1090 1295 1237 1359; x_wconf 87' lang='lat' dir='ltr'>pensantes</span> <span class='ocrx_word' id='word_1_68' title='bbox 1259 1284 1400 1359; x_wconf 86' lang='lat' dir='ltr'>expende·</span> 
     </span>
     <span class='ocr_line' id='line_1_12' title="bbox 472 1369 1396 1443; baseline -0.011 -12"><span class='ocrx_word' id='word_1_69' title='bbox 472 1374 553 1441; x_wconf 87' lang='lat' dir='ltr'>bant,</span> <span class='ocrx_word' id='word_1_70' title='bbox 578 1388 633 1428; x_wconf 92' lang='lat' dir='ltr'>non</span> <span class='ocrx_word' id='word_1_71' title='bbox 654 1371 873 1429; x_wconf 88' lang='lat' dir='ltr'>adnumerabant.</span> <span class='ocrx_word' id='word_1_72' title='bbox 918 1372 982 1426; x_wconf 88' lang='lat' dir='ltr'>hinc</span> <span class='ocrx_word' id='word_1_73' title='bbox 1001 1370 1176 1430; x_wconf 88' lang='lat' dir='ltr'>deducuntur</span> <span class='ocrx_word' id='word_1_74' title='bbox 1194 1386 1316 1443; x_wconf 82' lang='lat' dir='ltr'>expensa</span> <span class='ocrx_word' id='word_1_75' title='bbox 1339 1369 1396 1424; x_wconf 83' lang='lat' dir='ltr'>sive</span> 
     </span>
     <span class='ocr_line' id='line_1_13' title="bbox 472 1454 1394 1531; baseline -0.005 -18"><span class='ocrx_word' id='word_1_76' title='bbox 472 1458 628 1531; x_wconf 85' lang='lat' dir='ltr'>dispensata</span> <span class='ocrx_word' id='word_1_77' title='bbox 644 1455 685 1511; x_wconf 88' lang='lat' dir='ltr'>vel</span> <span class='ocrx_word' id='word_1_78' title='bbox 699 1463 881 1529; x_wconf 87' lang='lat' dir='ltr'>conpensata;</span> <span class='ocrx_word' id='word_1_79' title='bbox 906 1456 971 1511; x_wconf 87' lang='lat' dir='ltr'>item</span> <span class='ocrx_word' id='word_1_80' title='bbox 985 1454 1190 1527; x_wconf 82' lang='lat' dir='ltr'>compendium,</span> <span class='ocrx_word' id='word_1_81' title='bbox 1208 1454 1394 1527; x_wconf 89' lang='lat' dir='ltr'>dispendium,</span> 
     </span>
     <span class='ocr_line' id='line_1_14' title="bbox 473 1539 925 1615; baseline -0.011 -16"><span class='ocrx_word' id='word_1_82' title='bbox 473 1540 674 1615; x_wconf 86' lang='lat' dir='ltr'>assipondiurn,</span> <span class='ocrx_word' id='word_1_83' title='bbox 693 1539 868 1613; x_wconf 88' lang='lat' dir='ltr'>dupondium.</span> <span class='ocrx_word' id='word_1_84' title='bbox 915 1545 925 1552; x_wconf 89' lang='grc'><strong>“</strong></span> 
     </span>
    </p>

    <p class='ocr_par' dir='ltr' id='par_1_10' title="bbox 538 1615 1396 1701">
     <span class='ocr_line' id='line_1_15' title="bbox 538 1615 1396 1701; baseline -0.008 -20"><span class='ocrx_word' id='word_1_85' title='bbox 538 1618 608 1701; x_wconf 88' lang='grc'>[78]</span> <span class='ocrx_word' id='word_1_86' title='bbox 628 1623 778 1680; x_wconf 89' lang='lat' dir='ltr'>Euboicum</span> <span class='ocrx_word' id='word_1_87' title='bbox 799 1622 930 1679; x_wconf 81' lang='lat' dir='ltr'>talentum</span> <span class='ocrx_word' id='word_1_88' title='bbox 951 1638 1062 1678; x_wconf 88' lang='lat' dir='ltr'>nummo</span> <span class='ocrx_word' id='word_1_89' title='bbox 1078 1620 1181 1678; x_wconf 83' lang='lat' dir='ltr'>Graeco</span> <span class='ocrx_word' id='word_1_90' title='bbox 1197 1615 1323 1695; x_wconf 68' lang='lat' dir='ltr'>iseptem</span> <span class='ocrx_word' id='word_1_91' title='bbox 1345 1621 1396 1675; x_wconf 88' lang='lat' dir='ltr'>rni-</span> 
     </span>
    </p>

    <p class='ocr_par' dir='ltr' id='par_1_11' title="bbox 422 1707 1400 1849">
     <span class='ocr_line' id='line_1_16' title="bbox 422 1707 1400 1781; baseline -0.003 -21"><span class='ocrx_word' id='word_1_92' title='bbox 422 1711 454 1760; x_wconf 82' lang='grc'>15</span> <span class='ocrx_word' id='word_1_93' title='bbox 472 1710 539 1767; x_wconf 89' lang='lat' dir='ltr'>lium</span> <span class='ocrx_word' id='word_1_94' title='bbox 560 1715 587 1765; x_wconf 93' lang='lat' dir='ltr'>et</span> <span class='ocrx_word' id='word_1_95' title='bbox 610 1708 823 1781; x_wconf 79' lang='lat' dir='ltr'>quingentorum</span> <span class='ocrx_word' id='word_1_96' title='bbox 844 1707 1034 1780; x_wconf 82' lang='lat' dir='ltr'>cistophorum</span> <span class='ocrx_word' id='word_1_97' title='bbox 1056 1713 1115 1774; x_wconf 88' lang='lat' dir='ltr'>est,</span> <span class='ocrx_word' id='word_1_98' title='bbox 1141 1713 1238 1761; x_wconf 90' lang='lat' dir='ltr'>nostro</span> <span class='ocrx_word' id='word_1_99' title='bbox 1260 1714 1400 1779; x_wconf 78' lang='lat' dir='ltr'>quattuor</span> 
     </span>
     <span class='ocr_line' id='line_1_17' title="bbox 473 1792 779 1849; baseline -0.003 -1"><span class='ocrx_word' id='word_1_100' title='bbox 473 1794 578 1849; x_wconf 81' lang='lat' dir='ltr'>milium</span> <span class='ocrx_word' id='word_1_101' title='bbox 597 1792 779 1848; x_wconf 89' lang='lat' dir='ltr'>denariorum.</span> 
     </span>
    </p>

    <p class='ocr_par' dir='ltr' id='par_1_12' title="bbox 471 1870 1401 2115">
     <span class='ocr_line' id='line_1_18' title="bbox 536 1870 1397 1951; baseline -0.003 -19"><span class='ocrx_word' id='word_1_102' title='bbox 536 1870 605 1951; x_wconf 86' lang='grc'>[08]</span> <span class='ocrx_word' id='word_1_103' title='bbox 622 1874 706 1931; x_wconf 85' lang='lat' dir='ltr'>Grave</span> <span class='ocrx_word' id='word_1_104' title='bbox 721 1892 767 1931; x_wconf 87' lang='grc'>555</span> <span class='ocrx_word' id='word_1_105' title='bbox 782 1875 883 1930; x_wconf 90' lang='lat' dir='ltr'>dictum</span> <span class='ocrx_word' id='word_1_106' title='bbox 898 1890 913 1929; x_wconf 91' lang='lat' dir='ltr'>a</span> <span class='ocrx_word' id='word_1_107' title='bbox 929 1874 1059 1947; x_wconf 89' lang='lat' dir='ltr'>pondere,</span> <span class='ocrx_word' id='word_1_108' title='bbox 1078 1874 1141 1947; x_wconf 91' lang='lat' dir='ltr'>quia</span> <span class='ocrx_word' id='word_1_109' title='bbox 1155 1872 1218 1929; x_wconf 89' lang='lat' dir='ltr'>deni</span> <span class='ocrx_word' id='word_1_110' title='bbox 1234 1888 1323 1943; x_wconf 84' lang='lat' dir='ltr'>asses,</span> <span class='ocrx_word' id='word_1_111' title='bbox 1340 1876 1397 1929; x_wconf 88' lang='lat' dir='ltr'>sin·</span> 
     </span>
     <span class='ocr_line' id='line_1_19' title="bbox 472 1956 1393 2033; baseline -0.003 -18"><span class='ocrx_word' id='word_1_112' title='bbox 472 1959 530 2033; x_wconf 81' lang='lat' dir='ltr'>guli</span> <span class='ocrx_word' id='word_1_113' title='bbox 550 1959 641 2033; x_wconf 91' lang='lat' dir='ltr'>pondo</span> <span class='ocrx_word' id='word_1_114' title='bbox 665 1958 767 2029; x_wconf 84' lang='lat' dir='ltr'>libras,</span> <span class='ocrx_word' id='word_1_115' title='bbox 790 1956 945 2014; x_wconf 80' lang='lat' dir='ltr'>efficiebant</span> <span class='ocrx_word' id='word_1_116' title='bbox 966 1958 1123 2027; x_wconf 89' lang='lat' dir='ltr'>denarium,</span> <span class='ocrx_word' id='word_1_117' title='bbox 1147 1957 1249 2014; x_wconf 88' lang='lat' dir='ltr'>abhoc</span> <span class='ocrx_word' id='word_1_118' title='bbox 1266 1960 1328 2031; x_wconf 88' lang='lat' dir='ltr'>ipso</span> <span class='ocrx_word' id='word_1_119' title='bbox 1344 1974 1393 2013; x_wconf 89' lang='lat' dir='ltr'>nu·</span> 
     </span>
     <span class='ocr_line' id='line_1_20' title="bbox 471 2039 1401 2115; baseline -0.004 -18"><span class='ocrx_word' id='word_1_120' title='bbox 471 2060 547 2099; x_wconf 91' lang='lat' dir='ltr'>mero</span> <span class='ocrx_word' id='word_1_121' title='bbox 570 2042 680 2097; x_wconf 90' lang='lat' dir='ltr'>dictum.</span> <span class='ocrx_word' id='word_1_122' title='bbox 712 2042 759 2097; x_wconf 88' lang='lat' dir='ltr'>sed</span> <span class='ocrx_word' id='word_1_123' title='bbox 780 2040 854 2097; x_wconf 86' lang='lat' dir='ltr'>bello</span> <span class='ocrx_word' id='word_1_124' title='bbox 871 2042 973 2097; x_wconf 89' lang='lat' dir='ltr'>Punico</span> <span class='ocrx_word' id='word_1_125' title='bbox 994 2039 1114 2115; x_wconf 88' lang='lat' dir='ltr'>populns</span> <span class='ocrx_word' id='word_1_126' title='bbox 1128 2042 1264 2097; x_wconf 88' lang='lat' dir='ltr'>Romanus</span> <span class='ocrx_word' id='word_1_127' title='bbox 1278 2057 1401 2115; x_wconf 49' lang='lat' dir='ltr'>pressus,</span> 
     </span>
    </p>

    <p class='ocr_par' dir='ltr' id='par_1_13' title="bbox 420 2123 1394 2371">
     <span class='ocr_line' id='line_1_21' title="bbox 420 2123 1392 2200; baseline -0.006 -15"><span class='ocrx_word' id='word_1_128' title='bbox 420 2141 454 2190; x_wconf 79' lang='lat'>20</span> <span class='ocrx_word' id='word_1_129' title='bbox 472 2143 534 2185; x_wconf 88' lang='lat' dir='ltr'>aere</span> <span class='ocrx_word' id='word_1_130' title='bbox 556 2125 645 2181; x_wconf 88' lang='lat' dir='ltr'>alieno</span> <span class='ocrx_word' id='word_1_131' title='bbox 666 2140 697 2181; x_wconf 86' lang='lat' dir='ltr'>ex</span> <span class='ocrx_word' id='word_1_132' title='bbox 721 2123 838 2198; x_wconf 84' lang='lat' dir='ltr'>singulis</span> <span class='ocrx_word' id='word_1_133' title='bbox 858 2124 967 2181; x_wconf 90' lang='lat' dir='ltr'>assibus</span> <span class='ocrx_word' id='word_1_134' title='bbox 989 2125 1110 2181; x_wconf 87' lang='lat' dir='ltr'>librariis</span> <span class='ocrx_word' id='word_1_135' title='bbox 1133 2141 1215 2181; x_wconf 89' lang='lat' dir='ltr'>senos</span> <span class='ocrx_word' id='word_1_136' title='bbox 1240 2124 1320 2195; x_wconf 83' lang='lat' dir='ltr'>iecit,</span> <span class='ocrx_word' id='word_1_137' title='bbox 1344 2124 1392 2200; x_wconf 88' lang='lat' dir='ltr'>qui</span> 
     </span>
     <span class='ocr_line' id='line_1_22' title="bbox 474 2209 1394 2284; baseline -0.003 -15"><span class='ocrx_word' id='word_1_138' title='bbox 474 2211 633 2269; x_wconf 86' lang='lat' dir='ltr'>tantundem</span> <span class='ocrx_word' id='word_1_139' title='bbox 655 2219 686 2266; x_wconf 91' lang='lat' dir='ltr'>ut</span> <span class='ocrx_word' id='word_1_140' title='bbox 706 2209 747 2266; x_wconf 93' lang='lat' dir='ltr'>illi</span> <span class='ocrx_word' id='word_1_141' title='bbox 768 2209 898 2266; x_wconf 86' lang='lat' dir='ltr'>valerent.</span> <span class='ocrx_word' id='word_1_142' title='bbox 931 2213 996 2266; x_wconf 88' lang='lat' dir='ltr'>item</span> <span class='ocrx_word' id='word_1_143' title='bbox 1017 2212 1120 2267; x_wconf 89' lang='lat' dir='ltr'>nummi</span> <span class='ocrx_word' id='word_1_144' title='bbox 1140 2210 1295 2284; x_wconf 82' lang='lat' dir='ltr'>quadrigati</span> <span class='ocrx_word' id='word_1_145' title='bbox 1310 2218 1338 2267; x_wconf 90' lang='lat' dir='ltr'>et</span> <span class='ocrx_word' id='word_1_146' title='bbox 1352 2211 1394 2268; x_wconf 84' lang='lat' dir='ltr'>bi·</span> 
     </span>
     <span class='ocr_line' id='line_1_23' title="bbox 472 2293 1021 2371; baseline -0.005 -19"><span class='ocrx_word' id='word_1_147' title='bbox 472 2298 529 2371; x_wconf 83' lang='lat' dir='ltr'>gati</span> <span class='ocrx_word' id='word_1_148' title='bbox 544 2313 559 2351; x_wconf 93' lang='lat' dir='ltr'>a</span> <span class='ocrx_word' id='word_1_149' title='bbox 577 2293 665 2366; x_wconf 82' lang='lat' dir='ltr'>figura</span> <span class='ocrx_word' id='word_1_150' title='bbox 680 2295 834 2352; x_wconf 85' lang='lat' dir='ltr'>caelaturae</span> <span class='ocrx_word' id='word_1_151' title='bbox 850 2294 924 2350; x_wconf 90' lang='lat' dir='ltr'>dicti.</span> <span class='ocrx_word' id='word_1_152' title='bbox 1018 2327 1021 2330; x_wconf 73' lang='grc'><em>·</em></span> 
     </span>
    </p>

    <p class='ocr_par' dir='ltr' id='par_1_14' title="bbox 472 2372 1394 2536">
     <span class='ocr_line' id='line_1_24' title="bbox 537 2372 1394 2455; baseline -0.001 -21"><span class='ocrx_word' id='word_1_153' title='bbox 537 2373 627 2455; x_wconf 89' lang='grc'>[100]</span> <span class='ocrx_word' id='word_1_154' title='bbox 646 2378 758 2436; x_wconf 88' lang='lat' dir='ltr'>Hemina</span> <span class='ocrx_word' id='word_1_155' title='bbox 780 2395 810 2434; x_wconf 82' lang='lat' dir='ltr'>ex</span> <span class='ocrx_word' id='word_1_156' title='bbox 831 2379 934 2436; x_wconf 84' lang='lat' dir='ltr'>Graeco</span> <span class='ocrx_word' id='word_1_157' title='bbox 959 2372 1069 2436; x_wconf 74' lang='grc' dir='ltr'>ξὲετου</span> <span class='ocrx_word' id='word_1_158' title='bbox 1090 2372 1223 2450; x_wconf 83' lang='grc' dir='ltr'>ἡμίσεια,</span> <span class='ocrx_word' id='word_1_159' title='bbox 1249 2379 1325 2452; x_wconf 90' lang='lat' dir='ltr'>quod</span> <span class='ocrx_word' id='word_1_160' title='bbox 1350 2386 1394 2434; x_wconf 91' lang='lat' dir='ltr'>est</span> 
     </span>
     <span class='ocr_line' id='line_1_25' title="bbox 472 2464 799 2536; baseline -0.003 -15"><span class='ocrx_word' id='word_1_161' title='bbox 472 2465 583 2521; x_wconf 88' lang='lat' dir='ltr'>dimidia</span> <span class='ocrx_word' id='word_1_162' title='bbox 599 2480 663 2536; x_wconf 89' lang='lat' dir='ltr'>pars</span> <span class='ocrx_word' id='word_1_163' title='bbox 680 2464 799 2520; x_wconf 78' lang='lat' dir='ltr'>sextarii.</span> 
     </span>
    </p>

    <p class='ocr_par' dir='ltr' id='par_1_15' title="bbox 409 2542 1483 2706">
     <span class='ocr_line' id='line_1_26' title="bbox 409 2542 1483 2624; baseline -0.003 -20"><span class='ocrx_word' id='word_1_164' title='bbox 409 2543 453 2611; x_wconf 69' lang='lat' dir='ltr'>v25</span> <span class='ocrx_word' id='word_1_165' title='bbox 538 2543 628 2624; x_wconf 88' lang='lat'>[108]</span> <span class='ocrx_word' id='word_1_166' title='bbox 653 2549 804 2621; x_wconf 87' lang='lat' dir='ltr'>Impensam</span> <span class='ocrx_word' id='word_1_167' title='bbox 830 2548 944 2620; x_wconf 89' lang='lat' dir='ltr'>stipem,</span> <span class='ocrx_word' id='word_1_168' title='bbox 966 2563 1012 2602; x_wconf 89' lang='lat' dir='ltr'>aes</span> <span class='ocrx_word' id='word_1_169' title='bbox 1033 2563 1156 2616; x_wconf 88' lang='lat' dir='ltr'>sacrum,</span> <span class='ocrx_word' id='word_1_170' title='bbox 1178 2547 1252 2621; x_wconf 91' lang='lat' dir='ltr'>quod</span> <span class='ocrx_word' id='word_1_171' title='bbox 1271 2546 1392 2602; x_wconf 90' lang='lat' dir='ltr'>nondum</span> <span class='ocrx_word' id='word_1_172' title='bbox 1481 2542 1483 2547; x_wconf 80' lang='lat'>&#39;</span> 
     </span>
     <span class='ocr_line' id='line_1_27' title="bbox 473 2633 1483 2706; baseline -0.007 -16"><span class='ocrx_word' id='word_1_173' title='bbox 473 2642 531 2690; x_wconf 88' lang='lat' dir='ltr'>erat</span> <span class='ocrx_word' id='word_1_174' title='bbox 546 2648 671 2706; x_wconf 89' lang='lat' dir='ltr'>pensum.</span> <span class='ocrx_word' id='word_1_175' title='bbox 876 2635 879 2638; x_wconf 80' lang='grc'><strong>“</strong></span> <span class='ocrx_word' id='word_1_176' title='bbox 1203 2660 1215 2667; x_wconf 68' lang='lat'><em>,</em></span> <span class='ocrx_word' id='word_1_177' title='bbox 1481 2633 1483 2641; x_wconf 82' lang='grc'>’</span> 
     </span>
    </p>

    <p class='ocr_par' dir='ltr' id='par_1_16' title="bbox 540 2710 1151 2791">
     <span class='ocr_line' id='line_1_28' title="bbox 540 2710 1151 2791; baseline 0 -21"><span class='ocrx_word' id='word_1_178' title='bbox 540 2710 632 2791; x_wconf 90' lang='grc'>[116]</span> <span class='ocrx_word' id='word_1_179' title='bbox 653 2714 754 2788; x_wconf 88' lang='lat' dir='ltr'>Libelia</span> <span class='ocrx_word' id='word_1_180' title='bbox 771 2715 967 2770; x_wconf 86' lang='lat' dir='ltr'>deminutivum</span> <span class='ocrx_word' id='word_1_181' title='bbox 984 2722 1027 2770; x_wconf 91' lang='grc'>551</span> <span class='ocrx_word' id='word_1_182' title='bbox 1042 2730 1057 2770; x_wconf 87' lang='grc'>5</span> <span class='ocrx_word' id='word_1_183' title='bbox 1073 2713 1151 2770; x_wconf 85' lang='lat' dir='ltr'>libra.</span> 
     </span>
    </p>

    <p class='ocr_par' dir='ltr' id='par_1_17' title="bbox 537 2790 1149 2875">
     <span class='ocr_line' id='line_1_29' title="bbox 537 2790 1149 2875; baseline 0 -22"><span class='ocrx_word' id='word_1_184' title='bbox 537 2794 628 2875; x_wconf 89' lang='grc'>[120]</span> <span class='ocrx_word' id='word_1_185' title='bbox 649 2793 735 2874; x_wconf 84' lang='grc'>1555]</span> <span class='ocrx_word' id='word_1_186' title='bbox 752 2841 758 2855; x_wconf 94' lang='grc'>.</span> <span class='ocrx_word' id='word_1_187' title='bbox 776 2840 782 2854; x_wconf 94' lang='grc'>.</span> <span class='ocrx_word' id='word_1_188' title='bbox 800 2840 806 2854; x_wconf 91' lang='grc'>.</span> <span class='ocrx_word' id='word_1_189' title='bbox 822 2790 1082 2869; x_wconf 74' lang='grc'>51155551511555</span> <span class='ocrx_word' id='word_1_190' title='bbox 1099 2806 1149 2854; x_wconf 91' lang='lat' dir='ltr'>est.</span> 
     </span>
    </p>

    <p class='ocr_par' dir='ltr' id='par_1_18' title="bbox 466 2977 1398 3629">
     <span class='ocr_line' id='line_1_30' title="bbox 487 2977 1398 3042; baseline 0.001 -15"><span class='ocrx_word' id='word_1_191' title='bbox 487 2977 503 2992; x_wconf 70' lang='lat'>⁸</span> <span class='ocrx_word' id='word_1_192' title='bbox 540 2980 563 3028; x_wconf 90' lang='lat'>1.</span> <span class='ocrx_word' id='word_1_193' title='bbox 582 2977 674 3042; x_wconf 85' lang='lat' dir='ltr'>pando</span> <span class='ocrx_word' id='word_1_194' title='bbox 695 2977 724 3038; x_wconf 88' lang='grc'>6,</span> <span class='ocrx_word' id='word_1_195' title='bbox 743 2978 793 3028; x_wconf 85' lang='lat' dir='ltr'>sed</span> <span class='ocrx_word' id='word_1_196' title='bbox 809 2977 841 3027; x_wconf 82' lang='grc'>55</span> <span class='ocrx_word' id='word_1_197' title='bbox 859 2981 905 3028; x_wconf 86' lang='grc'>511.</span> <span class='ocrx_word' id='word_1_198' title='bbox 922 2993 1085 3042; x_wconf 74' lang='grc'>55555555</span> <span class='ocrx_word' id='word_1_199' title='bbox 1104 2995 1120 3028; x_wconf 84' lang='lat' dir='ltr'>a</span> <span class='ocrx_word' id='word_1_200' title='bbox 1211 2979 1239 3027; x_wconf 89' lang='grc'>8.</span> <span class='ocrx_word' id='word_1_201' title='bbox 1257 2982 1354 3028; x_wconf 82' lang='lat' dir='ltr'>sextas</span> <span class='ocrx_word' id='word_1_202' title='bbox 1373 2978 1398 3028; x_wconf 86' lang='grc'>6</span> 
     </span>
     <span class='ocr_line' id='line_1_31' title="bbox 472 3059 1391 3126; baseline -0.002 -14"><span class='ocrx_word' id='word_1_203' title='bbox 472 3065 512 3112; x_wconf 88' lang='lat'>14.</span> <span class='ocrx_word' id='word_1_204' title='bbox 530 3061 603 3113; x_wconf 82' lang='lat' dir='ltr'>Eub.</span> <span class='ocrx_word' id='word_1_205' title='bbox 622 3060 671 3111; x_wconf 87' lang='grc'>151,</span> <span class='ocrx_word' id='word_1_206' title='bbox 691 3075 800 3110; x_wconf 91' lang='lat' dir='ltr'>nummo</span> <span class='ocrx_word' id='word_1_207' title='bbox 814 3059 923 3111; x_wconf 84' lang='lat' dir='ltr'>Graeco</span> <span class='ocrx_word' id='word_1_208' title='bbox 942 3076 992 3113; x_wconf 83' lang='lat' dir='ltr'>sex</span> <span class='ocrx_word' id='word_1_209' title='bbox 1009 3061 1114 3111; x_wconf 91' lang='lat' dir='ltr'>milium</span> <span class='ocrx_word' id='word_1_210' title='bbox 1133 3062 1322 3126; x_wconf 83' lang='lat' dir='ltr'>cistophorum</span> <span class='ocrx_word' id='word_1_211' title='bbox 1341 3066 1391 3121; x_wconf 90' lang='grc'>551,</span> 
     </span>
     <span class='ocr_line' id='line_1_32' title="bbox 470 3144 1390 3210; baseline -0.004 -14"><span class='ocrx_word' id='word_1_212' title='bbox 470 3151 565 3196; x_wconf 84' lang='lat' dir='ltr'>nostro</span> <span class='ocrx_word' id='word_1_213' title='bbox 585 3151 714 3208; x_wconf 81' lang='lat' dir='ltr'>quattuor</span> <span class='ocrx_word' id='word_1_214' title='bbox 732 3145 838 3194; x_wconf 88' lang='lat' dir='ltr'>milium</span> <span class='ocrx_word' id='word_1_215' title='bbox 858 3149 885 3194; x_wconf 91' lang='grc'>51</span> <span class='ocrx_word' id='word_1_216' title='bbox 904 3146 1114 3210; x_wconf 82' lang='lat' dir='ltr'>quingentorum</span> <span class='ocrx_word' id='word_1_217' title='bbox 1131 3144 1308 3196; x_wconf 86' lang='lat' dir='ltr'>denariorum</span> <span class='ocrx_word' id='word_1_218' title='bbox 1326 3147 1390 3196; x_wconf 85' lang='lat' dir='ltr'>coni.</span> 
     </span>
     <span class='ocr_line' id='line_1_33' title="bbox 470 3227 1392 3294; baseline -0.003 -16"><span class='ocrx_word' id='word_1_219' title='bbox 470 3229 617 3279; x_wconf 80' lang='lat' dir='ltr'>Mommsen.</span> <span class='ocrx_word' id='word_1_220' title='bbox 639 3229 668 3278; x_wconf 90' lang='grc'>6.</span> <span class='ocrx_word' id='word_1_221' title='bbox 682 3229 714 3282; x_wconf 86' lang='lat' dir='ltr'>R.</span> <span class='ocrx_word' id='word_1_222' title='bbox 727 3229 766 3279; x_wconf 90' lang='lat' dir='ltr'>M.</span> <span class='ocrx_word' id='word_1_223' title='bbox 780 3246 808 3294; x_wconf 88' lang='lat' dir='ltr'>p.</span> <span class='ocrx_word' id='word_1_224' title='bbox 823 3231 855 3279; x_wconf 81' lang='lat'>⁷2</span> <span class='ocrx_word' id='word_1_225' title='bbox 875 3227 956 3292; x_wconf 83' lang='lat' dir='ltr'>(conf.</span> <span class='ocrx_word' id='word_1_226' title='bbox 975 3230 1049 3279; x_wconf 86' lang='lat' dir='ltr'>eund.</span> <span class='ocrx_word' id='word_1_227' title='bbox 1067 3246 1094 3294; x_wconf 89' lang='lat' dir='ltr'>p.</span> <span class='ocrx_word' id='word_1_228' title='bbox 1108 3232 1142 3279; x_wconf 84' lang='grc'>20</span> <span class='ocrx_word' id='word_1_229' title='bbox 1159 3230 1220 3279; x_wconf 83' lang='lat' dir='ltr'>adn.</span> <span class='ocrx_word' id='word_1_230' title='bbox 1234 3228 1281 3294; x_wconf 81' lang='grc'>05)</span> <span class='ocrx_word' id='word_1_231' title='bbox 1351 3232 1392 3280; x_wconf 91' lang='grc'>15.</span> 
     </span>
     <span class='ocr_line' id='line_1_34' title="bbox 470 3312 1389 3377; baseline 0 -15"><span class='ocrx_word' id='word_1_232' title='bbox 470 3317 499 3362; x_wconf 86' lang='grc'>51</span> <span class='ocrx_word' id='word_1_233' title='bbox 521 3313 640 3363; x_wconf 81' lang='lat' dir='ltr'>correaeit</span> <span class='ocrx_word' id='word_1_234' title='bbox 661 3315 745 3362; x_wconf 81' lang='lat' dir='ltr'>altera</span> <span class='ocrx_word' id='word_1_235' title='bbox 768 3328 855 3362; x_wconf 84' lang='lat' dir='ltr'>monus</span> <span class='ocrx_word' id='word_1_236' title='bbox 878 3314 904 3362; x_wconf 86' lang='lat' dir='ltr'>in</span> <span class='ocrx_word' id='word_1_237' title='bbox 929 3312 964 3369; x_wconf 85' lang='grc'>6,·</span> <span class='ocrx_word' id='word_1_238' title='bbox 990 3315 1076 3377; x_wconf 82' lang='lat' dir='ltr'>prima</span> <span class='ocrx_word' id='word_1_239' title='bbox 1103 3329 1191 3363; x_wconf 84' lang='lat' dir='ltr'>manns</span> <span class='ocrx_word' id='word_1_240' title='bbox 1215 3329 1248 3364; x_wconf 82' lang='lat' dir='ltr'>ex</span> <span class='ocrx_word' id='word_1_241' title='bbox 1270 3315 1310 3363; x_wconf 84' lang='grc'>551</span> <span class='ocrx_word' id='word_1_242' title='bbox 1333 3327 1389 3364; x_wconf 83' lang='grc'>5·5</span> 
     </span>
     <span class='ocr_line' id='line_1_35' title="bbox 468 3389 1389 3462; baseline -0.001 -16"><span class='ocrx_word' id='word_1_243' title='bbox 468 3389 603 3460; x_wconf 70' lang='lat' dir='ltr'>scripsisse</span> <span class='ocrx_word' id='word_1_244' title='bbox 621 3397 722 3446; x_wconf 80' lang='lat' dir='ltr'>videtur</span> <span class='ocrx_word' id='word_1_245' title='bbox 790 3395 994 3447; x_wconf 80' lang='lat' dir='ltr'>cistoforumG</span> <span class='ocrx_word' id='word_1_246' title='bbox 1046 3397 1196 3462; x_wconf 73' lang='grc'>55515556</span> <span class='ocrx_word' id='word_1_247' title='bbox 1208 3395 1291 3461; x_wconf 82' lang='lat' dir='ltr'>(recte</span> <span class='ocrx_word' id='word_1_248' title='bbox 1308 3412 1389 3462; x_wconf 80' lang='lat' dir='ltr'>supra</span> 
     </span>
     <span class='ocr_line' id='line_1_36' title="bbox 466 3477 1393 3545; baseline 0.001 -16"><span class='ocrx_word' id='word_1_249' title='bbox 466 3495 496 3544; x_wconf 85' lang='lat' dir='ltr'>p.</span> <span class='ocrx_word' id='word_1_250' title='bbox 512 3483 545 3529; x_wconf 87' lang='grc'>07</span> <span class='ocrx_word' id='word_1_251' title='bbox 561 3495 596 3533; x_wconf 87' lang='lat' dir='ltr'>os.</span> <span class='ocrx_word' id='word_1_252' title='bbox 611 3479 638 3545; x_wconf 88' lang='lat'>1)</span> <span class='ocrx_word' id='word_1_253' title='bbox 709 3481 750 3532; x_wconf 86' lang='grc'>17.</span> <span class='ocrx_word' id='word_1_254' title='bbox 769 3496 798 3531; x_wconf 87' lang='grc'>55</span> <span class='ocrx_word' id='word_1_255' title='bbox 819 3478 859 3543; x_wconf 65' lang='grc'>61,</span> <span class='ocrx_word' id='word_1_256' title='bbox 881 3494 912 3545; x_wconf 69' lang='lat' dir='ltr'>es</span> <span class='ocrx_word' id='word_1_257' title='bbox 932 3477 965 3530; x_wconf 74' lang='lat'>6²</span> <span class='ocrx_word' id='word_1_258' title='bbox 1034 3482 1075 3531; x_wconf 92' lang='grc'>22.</span> <span class='ocrx_word' id='word_1_259' title='bbox 1096 3481 1282 3535; x_wconf 76' lang='grc'>5551515556</span> <span class='ocrx_word' id='word_1_260' title='bbox 1351 3482 1393 3531; x_wconf 84' lang='grc'>23.</span> 
     </span>
     <span class='ocr_line' id='line_1_37' title="bbox 470 3561 1390 3629; baseline 0.001 -17"><span class='ocrx_word' id='word_1_261' title='bbox 470 3578 554 3629; x_wconf 81' lang='lat' dir='ltr'>greco</span> <span class='ocrx_word' id='word_1_262' title='bbox 575 3563 596 3614; x_wconf 86' lang='grc'>6</span> <span class='ocrx_word' id='word_1_263' title='bbox 665 3561 761 3615; x_wconf 69' lang='lat' dir='ltr'>{teron</span> <span class='ocrx_word' id='word_1_264' title='bbox 779 3561 890 3627; x_wconf 77' lang='grc' dir='ltr'>ἡμίεεια</span> <span class='ocrx_word' id='word_1_265' title='bbox 907 3566 1015 3614; x_wconf 74' lang='lat' dir='ltr'>coarcat</span> <span class='ocrx_word' id='word_1_266' title='bbox 1031 3580 1045 3614; x_wconf 84' lang='lat' dir='ltr'>e</span> <span class='ocrx_word' id='word_1_267' title='bbox 1062 3567 1194 3629; x_wconf 74' lang='lat' dir='ltr'>scripturo</span> <span class='ocrx_word' id='word_1_268' title='bbox 1207 3565 1229 3615; x_wconf 85' lang='grc'>6</span> <span class='ocrx_word' id='word_1_269' title='bbox 1239 3566 1390 3625; x_wconf 81' lang='lat' dir='ltr'>xestosimi,</span> 
     </span>
    </p>
   </div>
   <div class='ocr_carea' id='block_1_3' title="bbox 451 3640 1392 3781">
    <p class='ocr_par' dir='ltr' id='par_1_19' title="bbox 451 3640 1392 3781">
     <span class='ocr_line' id='line_1_38' title="bbox 468 3640 1392 3766; baseline 0.001 -68"><span class='ocrx_word' id='word_1_270' title='bbox 468 3653 594 3766; x_wconf 71' lang='grc'>155555515</span> <span class='ocrx_word' id='word_1_271' title='bbox 612 3651 656 3698; x_wconf 83' lang='lat' dir='ltr'>illo</span> <span class='ocrx_word' id='word_1_272' title='bbox 674 3650 805 3713; x_wconf 82' lang='lat' dir='ltr'>quideme</span> <span class='ocrx_word' id='word_1_273' title='bbox 827 3647 928 3698; x_wconf 82' lang='lat' dir='ltr'>Graeco</span> <span class='ocrx_word' id='word_1_274' title='bbox 945 3640 1161 3698; x_wconf 77' lang='grc' dir='ltr'>ΞΕΠΟΥΗΜΓ</span> <span class='ocrx_word' id='word_1_275' title='bbox 1193 3698 1197 3705; x_wconf 89' lang='grc'>,</span> <span class='ocrx_word' id='word_1_276' title='bbox 1236 3649 1278 3701; x_wconf 87' lang='grc'>28.</span> <span class='ocrx_word' id='word_1_277' title='bbox 1298 3645 1392 3722; x_wconf 61' lang='grc'>51555]</span> 
     </span>
     <span class='ocr_line' id='line_1_39' title="bbox 451 3730 1345 3781; baseline 0.017 -1"><span class='ocrx_word' id='word_1_278' title='bbox 451 3755 455 3763; x_wconf 87' lang='grc'>·</span> <span class='ocrx_word' id='word_1_279' title='bbox 479 3730 576 3781; x_wconf 76' lang='grc'>11556</span> <span class='ocrx_word' id='word_1_280' title='bbox 1340 3732 1345 3740; x_wconf 58' lang='grc'>’</span> 
     </span>
    </p>
   </div>
   <div class='ocr_carea' id='block_1_4' title="bbox 0 0 1772 4400">
    <p class='ocr_par' dir='ltr' id='par_1_20' title="bbox 0 0 1772 4400">
     <span class='ocr_line' id='line_1_40' title="bbox 0 0 1772 4400; baseline 0 4"><span class='ocrx_word' id='word_1_281' title='bbox 0 0 1772 4400; x_wconf 95' lang='lat' dir='ltr'> </span> 
     </span>
    </p>
   </div>
  </div>
 </body>
</html>
