3534 4400
353 382 427 465 [111]
579 404 654 447 noer
675 405 695 447 n
717 404 817 449 auaro
838 406 880 447 aa
904 406 1018 450 raudo.
1225 386 1266 453 79

352 534 416 595 dulo
438 534 532 606 malo,
562 537 606 597 uti
628 536 802 615 quadrantal
825 539 883 599 vini
906 537 1055 616 octoginta
1077 541 1176 619 pondo
1199 543 1264 612 siet,

351 636 471 713 congius
498 637 557 697 vini
584 636 688 697 deoem
710 639 810 715 pondo
833 640 903 709 siet,
933 656 985 700 ser
1009 642 1118 701 sextari
1140 644 1265 719 congius
1363 659 1365 662 ·

349 739 402 798 siet
422 737 496 807 vini,
526 734 577 797 ΠΙ.
599 739 708 799 sextari
731 738 906 817 quadrantal
927 740 984 801 siet
1005 741 1075 801 vini.
1114 744 1264 803 sextarius

349 854 458 917 aequus
480 827 576 917 aequo
599 855 667 899 eum
681 838 810 901 librario
833 841 903 911 siet,
931 825 1140 919 sexdecimque
1161 840 1265 903 librari

348 940 376 997 in
408 941 509 1001 modio
542 940 629 1001 sient.
673 941 699 1001 si
728 942 792 1019 quis
822 942 1011 1019 magistratus
1040 942 1181 1003 adversus
1208 942 1298 1004 haoo

350 1038 414 1099 dolo
441 1038 520 1101 'malo
548 1040 682 1118 pondera
710 1041 884 1120 modiusque
908 1060 1037 1121 vasaque
1057 1042 1176 1121 publica
1198 1061 1262 1103 mo·

349 1140 408 1203 dica
431 1142 548 1201 minora
571 1142 720 1202 maiorave
741 1142 813 1201 laxit
834 1144 955 1203 iussitve
976 1134 1041 1204 fieri
1059 1143 1197 1204 dolumve
1212 1145 1263 1204 ad·

349 1242 407 1303 duit
434 1260 493 1321 quo
522 1258 556 1301 ea
582 1242 668 1311 fiant,
696 1260 763 1303 eum
786 1244 853 1321 quis
875 1243 954 1303 volet
975 1240 1165 1323 magistratus
1186 1244 1263 1305 mul·

348 1349 422 1421 tare,
444 1344 490 1404 uti
512 1342 582 1403 dum
599 1343 713 1403 minore
728 1344 806 1421 parti
819 1343 945 1405 familias
959 1353 1053 1415 taxat,
1077 1343 1179 1408 liceto:
1202 1347 1263 1407 sive

349 1444 410 1521 quis
430 1443 471 1504 im
493 1460 612 1514 sacrum
635 1442 766 1505 iudicare
788 1443 929 1515 voluerit,
952 1444 1065 1507 liceto!
1280 1455 1313 1503 10

408 1540 518 1626 [25812]
553 1536 734 1614 Quadrantal
770 1544 915 1606 vocabant
951 1545 1063 1624 antiqui
1099 1563 1187 1632 quam
1225 1564 1261 1608 ex
1347 1574 1351 1580 ·

348 1645 457 1707 Graeco
486 1644 661 1724 amphoram
692 1634 809 1714 dieunt,
839 1645 919 1723 quod
947 1664 997 1706 vas
1019 1646 1103 1722 pedis
1125 1646 1262 1725 quadrati

348 1756 412 1807 orto
433 1755 462 1807 et
482 1746 534 1807 XL
556 1747 831 1825 oapitsextariosst

410 1844 499 1929 [259]
521 1849 685 1919 Quadrantal
708 1850 840 1907 vocabant
863 1852 967 1923 antiqui
989 1851 1162 1924 amphoram,
1187 1852 1261 1925 quud

349 1952 389 1992 ras
404 1935 479 2009 pedis
495 1935 620 2009 quadrati
636 1942 698 1990 octo
714 1942 742 1990 et
759 1934 940 2009 quadraginta
956 1936 1089 1991 sextarios
1105 1934 1204 2009 capiat.
1279 1939 1311 1987 15

408 2013 497 2097 [275]
513 2018 633 2075 Ratitum
649 2018 827 2090 quadrantem
842 2019 943 2075 dietum
958 2027 1072 2093 putant,
1095 2019 1169 2095 quod
1184 2020 1212 2075 in
1228 2034 1260 2077 eo

350 2112 373 2159 et
390 2106 487 2161 triente
501 2104 569 2160 ratis
585 2101 669 2158 luerit
684 2100 804 2177 effigies,
820 2110 850 2159 ut
865 2103 941 2161 nau's
957 2103 985 2159 in
999 2119 1070 2160 asse.

408 2196 514 2281 [265⁶]
538 2200 639 2261 llodus
662 2198 707 2260 vel
729 2201 839 2262 raudus
862 2201 1008 2280 significat
1029 2219 1093 2273 rem
1108 2203 1215 2263 rudem
1230 2210 1261 2261 et

349 2303 545 2380 inperfectam.
570 2335 609 2345 -
641 2300 749 2379 Vulgus
776 2301 896 2380 quidem
925 2303 955 2361 in
983 2319 1040 2362 usu
1067 2302 1170 2364 habuit
1197 2320 1259 2362 non

331 2381 430 2463 ¹modo
461 2420 518 2483 pro
552 2419 621 2462 aere
651 2401 831 2480 inperfecto,
867 2409 899 2463 ut
926 2399 1071 2470 lucilius,
1106 2421 1173 2462 eum
1202 2402 1257 2461 ait:
1277 2408 1311 2456 2ο

350 2502 465 2582 ‘plumbi
481 2501 642 2582 pauxillum
657 2501 748 2562 rodus
763 2500 894 2580 lignique
910 2507 1084 2585 metaxam';
1102 2488 1155 2561 sed
1171 2503 1257 2561 etiam

350 2597 464 2683 signato,
488 2605 556 2682 quia
579 2605 610 2664 in
633 2603 838 2679 mancipando,
863 2617 931 2662 oum
954 2601 1062 2665 dieitur
1086 2599 1258 2692 ‘rudusculo

349 2739 543 2758 *—

410 2827 435 2874 1.
452 2823 543 2895 pondo
562 2819 627 2888 siet]
647 2839 673 2887 p.
693 2822 717 2872 is
735 2823 792 2872 cod.
863 2823 889 2872 2.
909 2821 967 2873 vini
985 2819 1038 2870 duo
1058 2819 1260 2885 quinquaginta

350 2911 397 2957 rod.
405 2907 455 2973 (K)
525 2910 549 2958 3.
569 2906 755 2970 quadarantal
774 2906 831 2955 eod.
883 2906 909 2958 4.
928 2920 977 2956 sex
994 2904 1149 2970 dequinque
1167 2904 1258 2955 librae

349 2993 409 3053 cod,
427 3008 495 3043 corr.
515 2990 568 3042 Soa
586 2998 612 3040 et
629 2991 691 3040 Moe
743 2991 800 3039 -6,
820 2985 985 3054 dolomalo]
1006 2989 1032 3038 d.
1051 2989 1162 3039 meod.
1233 2990 1256 3038 7.

349 3073 421 3126 iussit
436 3091 502 3127 vere
520 3076 586 3137 eod,
605 3090 675 3125 corr.
694 3074 747 3124 Sea
832 3075 857 3124 8.
877 3088 930 3137 qno
946 3074 1014 3123 eoni.
1033 3072 1107 3135 Moe,
1128 3087 1180 3137 que
1199 3075 1275 3122 cod„

350 3156 393 3222 (K)
459 3158 592 3222 multare,
610 3159 652 3208 uti
672 3155 731 3218 (qu
751 3155 916 3207 multaretur
933 3157 991 3206 eod.
1064 3158 1089 3206 9.
1107 3157 1183 3220 patri
1200 3157 1257 3208 eod.

350 3245 384 3292 10.
396 3244 440 3308 im,
453 3247 470 3296 i.
484 3259 506 3294 e.
519 3259 582 3308 eum,
595 3243 658 3306 Sco,
677 3243 706 3292 in
718 3243 775 3294 eod
845 3243 886 3290 11.
906 3239 1070 3300 Quadranta
1087 3241 1144 3291 eod.
1216 3241 1258 3291 12.

350 3324 436 3378 dicant
452 3330 508 3378 eod.
581 3329 622 3379 14.
641 3324 840 3388 Quadrantad
910 3326 950 3375 15.
969 3339 1020 3374 uas
1040 3321 1086 3386 0²3
1103 3327 1188 3389 prima
1205 3339 1258 3372 mo-

351 3425 389 3460 nus
406 3415 465 3478 quid
478 3429 530 3480 pro
548 3413 732 3484 u'srriprerr't,
750 3410 872 3474 cognosci
888 3423 939 3458 non
952 3415 1041 3472 potest
1128 3407 1169 3457 16.
1188 3408 1257 3470 conf.

350 3497 461 3561 reliquiae
478 3497 590 3548 eiusdem
607 3495 657 3546 roei
673 3496 743 3560 apud
760 3495 862 3544 Festum
936 3494 979 3542 17.
997 3491 1142 3542 fuerintG
1215 3493 1257 3543 18.
1315 3552 1319 3558 Δ

352 3579 409 3640 conf.
427 3581 528 3632 Festum
545 3599 569 3634 υ.
587 3581 772 3630 mouumentum
786 3593 814 3642 p.
832 3579 898 3627 247ιι
919 3583 945 3626 et
962 3577 1068 3650 Paulum
1085 3591 1107 3628 a.
1126 3575 1258 3625 Roduseu·

352 3661 391 3710 lim
404 3679 428 3728 p.
439 3665 491 3716 275
560 3666 601 3716 19.
619 3644 798 3728 imperfietam
816 3661 873 3711 eod.
944 3661 987 3709 21.
1006 3658 1140 3724 paxillum
1158 3666 1184 3709 et
1200 3672 1258 3708 ma-

352 3747 433 3798 texam
449 3751 507 3803 cod.
575 3749 617 3800 22.
636 3761 684 3813 pro
702 3753 762 3802 onte
780 3745 891 3810 signato
907 3745 979 3808 uulgo
998 3745 1058 3793 add.
