3534 4400
649 510 653 517 .
742 476 927 515 PRAEFATIO.
1230 472 1291 516 XlX

375 608 449 681 Ergo
465 616 513 663 aut
527 609 572 665 illa
588 624 657 682 quae
673 609 726 665 dixi
744 608 909 683 interpolata
922 618 995 679 suut,
1010 621 1056 665 aru
1069 612 1161 667 lsidori
1174 616 1291 685 genuina

376 693 467 749 oratio
490 692 596 749 turbata
617 701 660 749 est
681 710 714 749 eo
735 694 816 766 loco,
836 692 883 749 uhi
898 693 980 755 dicto
996 695 1105 750 dicitnr
1118 697 1144 751 in
1159 702 1180 750 Α
1196 714 1290 771 suspe-

375 787 452 834 ctum
474 785 516 833 est
538 776 645 834 collatis
669 778 783 851 reliquis
810 776 960 836 codicibus.
1008 778 1108 847 Quodsi
1135 798 1184 853 pro
1211 784 1291 840 dicto

374 864 537 936 interponas
552 862 680 919 Graecum
697 856 816 933 ὤατῡν,
833 864 906 937 quod
921 862 1083 920 vocabulum
1099 873 1235 934 servatum
1251 875 1292 923 est

374 947 404 1001 in
420 946 581 1002 llerouianis
597 946 719 1021 reliquiis
739 946 820 1020 (Ster.
836 948 866 1003 ll.
882 948 911 1005 3.
928 945 997 1022 25),
1016 949 1083 1004 nilril
1100 951 1152 1005 iam
1171 953 1292 1023 suspecti

374 1031 432 1087 hoc
451 1030 513 1087 loco
533 1030 707 1106 relinquitur.
726 1063 762 1073 -
778 1033 806 1090 P.
825 1030 901 1102 123,
919 1032 937 1089 ‘l
957 1041 1050 1089 uotam
1072 1028 1242 1105 cerseuil,
1265 1037 1293 1091 in

374 1114 503 1171 omnibus
523 1116 602 1172 libris
621 1125 795 1192 corruptam,
816 1117 932 1173 servavit
953 1119 1086 1191 integram
1107 1118 1191 1176 codex
1212 1116 1292 1175 bluti-

375 1202 472 1255 nensis
488 1200 520 1256 lr.
536 1201 608 1272 136,
625 1201 675 1257 22.

441 1284 511 1342 128.
534 1286 600 1342 Vide
615 1285 733 1343 Gromat.
750 1286 790 1343 ed.
806 1285 968 1343 Lachmann.
985 1305 1012 1361 p.
1029 1287 1290 1360 95‚11-9o,2o

443 1369 511 1426 129.
535 1369 563 1424 V.
584 1370 683 1427 ibidem
705 1390 731 1445 p.
755 1370 826 1441 245,
845 1370 980 1443 5-246,
1001 1373 1028 1433 6.
1059 1372 1098 1427 Ad
1121 1370 1191 1429 hanc
1215 1372 1291 1428 tabu·
1382 1386 1385 1391 ·

372 1454 430 1509 lam
456 1470 562 1510 omnem
587 1455 688 1513 codicis
711 1457 852 1513 Arceriani
875 1454 922 1529 (A)
944 1457 1044 1513 variam
1070 1459 1232 1531 scripturam
1260 1475 1290 1513 ex

372 1538 540 1594 Lachmanni
555 1540 674 1596 editione
689 1542 812 1615 repetivi.

443 1623 511 1680 130.
531 1624 610 1681 131..
622 1624 652 1680 V.
668 1625 767 1680 ibidem
782 1643 809 1699 p.
827 1623 900 1695 354,
918 1624 1023 1682 2-10
1039 1633 1066 1681 et
1081 1642 1108 1697 p.
1124 1626 1195 1693 359,
1215 1627 1264 1679 11.

444 1706 515 1764 132.
537 1708 667 1763 'labulam
681 1708 785 1765 codicis
800 1708 943 1764 bobiensis
961 1710 1076 1781 repetivi
1094 1724 1126 1764 ex
1141 1708 1292 1765 Endlicheri

371 1791 465 1847 libro:
479 1791 540 1845 ride
554 1792 625 1864 prol.
642 1791 660 1862 S
678 1792 739 1847 122
754 1793 814 1849 adn.
832 1793 859 1862 1.

446 1874 517 1932 133.
541 1876 668 1932 Tabulam
683 1866 835 1952 ponderum
851 1894 882 1933 ac
898 1861 1085 1933 mensurarum
1100 1874 1218 1933 ecodico
1230 1878 1292 1933 ller-

372 1960 458 2017 nensi
479 1960 519 2017 83
541 1977 611 2018 saec.
627 1961 660 2016 lll
680 1971 707 2017 et
727 1962 749 2017 X
770 1959 828 2034 (iol.
843 1955 920 2033 842)
936 1962 1100 2035 descriptam
1122 1963 1237 2017 comiter
1259 1963 1290 2017 ad

373 2062 421 2101 mc
444 2046 519 2100 misit
532 2045 591 2101 Gar.
606 2041 735 2103 Halmius.
769 2047 817 2103 llic
837 2046 954 2120 primunr
976 2046 1087 2103 offendit
1110 2048 1291 2119 ingratissima

375 2131 424 2186 illa
439 2129 595 2202 difficultas,
612 2148 680 2206 quae
692 2132 724 2188 ad
737 2132 858 2206 proxima
874 2147 985 2206 qnoque
997 2132 1147 2204 fragmenta
1160 2133 1291 2207 pertinet,

373 2224 409 2272 ot
430 2223 510 2271 notae
524 2216 677 2289 ponderum
699 2234 730 2273 ac
751 2234 942 2273 mensurarum
962 2225 1024 2290 apte
1048 2227 1074 2272 et
1097 2218 1240 2274 commode
1259 2234 1290 2272 ex

329 2321 333 2326 ·
373 2299 516 2358 codicibus
537 2318 619 2357 rnanu
641 2303 750 2376 scriptis
770 2305 797 2358 in
821 2302 1014 2358 buncrlibrum
1037 2304 1107 2376 typis
1131 2319 1291 2376 expressum

375 2385 602 2442 transferrentur.
631 2385 751 2443 Primum
770 2389 862 2457 enim‚'
879 2396 911 2443 ut
931 2386 984 2444 iam
1001 2387 1031 2441 in
1045 2389 1138 2460 priore
1153 2386 1291 2443 volumine

375 2468 541 2542 significavi,
562 2488 618 2527 nou
632 2471 711 2528 licuit
728 2472 909 2541 contendere,
931 2478 961 2526 ut
976 2471 1043 2527 tanti
1061 2480 1186 2543 sumptus
1203 2473 1230 2525 in
1247 2487 1291 2525 en·

374 2550 512 2612 cudendas
531 2572 615 2612 novas
631 2556 734 2612 lormas
749 2555 861 2622 fierent3
883 2564 941 2610 tum
963 2571 1027 2610 vero
1049 2569 1082 2608 ue
1100 2554 1166 2609 utile
1184 2553 1292 2625 quidem

374 2654 438 2695 csse
459 2638 522 2694 duxi
541 2640 703 2715 depravatos
724 2641 847 2695 codicum
869 2639 968 2694 ductus
991 2638 1065 2710 typis
1082 2645 1216 2710 repetere.
1254 2635 1293 2691 lta

374 2739 439 2780 cum
460 2723 506 2780 diu
526 2724 702 2782 fluctuassem
724 2724 840 2795 iudicio,
862 2722 1019 2797 quomodo
1041 2738 1072 2777 ex
1094 2722 1136 2777 bis
1157 2722 1292 2794 angustiis

374 2807 451 2864 salva
472 2808 524 2864 lide
546 2827 616 2882 qnae
636 2812 761 2867 criticum
776 2810 854 2865 decet
870 2824 913 2864 me
930 2806 1100 2882 expedirem,
1124 2807 1193 2863 hanc
1207 2806 1291 2862 ratio-

374 2908 440 2948 nem
455 2895 619 2967 sequendam
639 2910 699 2950 esse
713 2896 875 2950 existimavi:
895 2894 1028 2968 primum,
1043 2891 1198 2966 ubicunque
1212 2900 1291 2947 notas

374 2994 458 3033 manu
478 2981 594 3053 scriptas
617 2980 774 3053 depravatas
795 2996 855 3035 esse
877 2985 1023 3052 appareret
1040 2995 1071 3034 ex
1089 2977 1291 3051 antiquioribus

375 3070 405 3118 ct
425 3061 556 3136 integris,
577 3065 625 3120 lias
645 3065 715 3120 inira
736 3064 824 3133 edidi,
847 3063 908 3120 illas
925 3072 1015 3120 autem
1030 3063 1188 3138 depravatas
1203 3062 1248 3116 hic
1264 3061 1290 3116 in
1359 3092 1362 3097 -

374 3146 547 3221 praefatione
570 3158 617 3205 aut
639 3149 728 3205 verbis
747 3147 878 3222 descripsi
900 3157 945 3204 aut
965 3150 1042 3204 noris
1062 3151 1133 3222 typis
1154 3147 1291 3219 expressi3

374 3231 489 3302 deinde,
516 3233 602 3290 sicubi
624 3243 689 3291 nota
709 3251 790 3290 manu
811 3235 912 3307 scripta
939 3250 994 3288 non
1019 3225 1171 3308 comparari
1198 3241 1292 3303 posset

374 3333 438 3373 cnm
454 3316 614 3391 antiquiore
635 3320 706 3391 nlla,
729 3317 802 3374 illam
816 3319 901 3391 ipsam
917 3318 987 3374 inira
1003 3317 1087 3382 edidi;
1116 3317 1232 3390 denique
1248 3331 1291 3370 er-

374 3411 463 3458 trema
482 3401 532 3458 bae
551 3403 720 3477 praelatione
734 3412 912 3476 conspectum
930 3403 1063 3476 quendam
1079 3402 1199 3458 omnium
1214 3409 1291 3457 nota-

374 3503 438 3544 rum
453 3487 569 3544 conieci.
585 3519 628 3529 —
643 3489 699 3551 lam
715 3497 746 3544 nt
760 3489 792 3545 ad
808 3488 981 3562 propositum
996 3487 1159 3561 perveniam,
1173 3485 1290 3560 primum

372 3572 549 3647 explicandae
575 3582 640 3629 suut
660 3583 741 3630 notae
764 3573 865 3647 quibus
885 3573 955 3629 assis
978 3578 1071 3650 partes
1094 3580 1122 3628 et
1141 3573 1169 3628 in
1186 3570 1237 3627 hac
1253 3579 1292 3625 ta-

370 3656 440 3716 bula
460 3664 489 3714 et
504 3658 533 3713 ln
548 3660 678 3732 proximis
695 3658 798 3715 librarii
813 3664 932 3716 veterum
947 3657 1070 3716 codicum
1088 3663 1291 3731 expresserunt.

370 3744 558 3800 Sextantis
576 3744 632 3800 sive
646 3744 762 3801 duarum
776 3742 919 3799 unciarum
932 3749 998 3798 nota
1012 3743 1039 3798 iu
1055 3741 1148 3800 oodice
1164 3737 1291 3796 bernensi

370 3838 417 3887 est
438 3823 487 3899 ’3,
510 3828 607 3884 similis
622 3829 680 3885 lere
694 3830 722 3884 in
737 3826 867 3898 budiano,
888 3845 966 3902 quam
984 3826 1041 3882 vide
1059 3825 1131 3898 opud
1144 3823 1291 3879 lachman-

1097 3920 1139 3978 b*
