3534 4400
474 405 517 470 60
543 427 585 467 ax
598 424 711 469 nrcmr
725 425 819 468 omno
834 424 876 466 ns
894 422 1109 466 connrcronm.
1121 422 1286 465 senonen.
1313 400 1396 484 [114]

475 576 594 639 egeram
616 576 803 628 mensuram,
830 559 869 619 ita
891 555 1112 625 renuntiabam,
1143 554 1282 618 IVGERA
1304 554 1394 627 Tor,

475 661 616 723 VERSVS
631 660 723 731 TOT,
747 669 793 729 ut,
817 661 842 718 si
864 658 941 719 forte
964 658 1163 719 controuersia
1180 664 1258 717 esset
1272 674 1396 717 rusum

474 762 586 823 babere
614 762 705 842 pedes
727 748 791 821 tht
813 760 926 828 DCXL,
957 762 987 821 in
1014 758 1165 837 iugeribus
1191 766 1292 819 tamen
1317 758 1398 819 fides

474 872 634 926 constaret.
673 865 704 924 in
725 863 874 941 provincia
893 878 1011 939 quoque
1026 859 1211 921 Narbonensi
1227 861 1307 920 varia
1323 867 1397 920 sunt

441 966 632 1027 evocabula:
662 962 712 1025 alii
739 962 888 1043 appellant
915 962 1036 1033 libram,
1067 960 1116 1022 alii
1142 960 1322 1042 parallelum.
1361 964 1397 1022 in

473 1067 614 1144 Hispania
637 1067 794 1127 centurias.
838 1066 895 1133 ita,
924 1064 1001 1125 sicut
1022 1064 1095 1133 disi,
1124 1065 1156 1123 in
1177 1064 1398 1125 consuetudine

474 1168 598 1229 alicuius
620 1168 750 1246 regionis
771 1167 954 1229 inveniemus
970 1164 1061 1246 [sicut
1075 1164 1204 1245 ridetur]
1219 1165 1258 1224 ita
1280 1183 1398 1251 renun-
1506 1220 1507 1229 ,

473 1267 621 1339 tiendum,
644 1268 782 1331 tvenne
797 1267 883 1338 Tor,
908 1266 1047 1329 tnnsvs
1062 1265 1149 1335 ΤΟΤ,
1172 1267 1232 1327 sive
1252 1264 1398 1327 Ltnnun

474 1369 565 1439 ΤΟΤ,
594 1372 654 1431 sive
675 1370 754 1450 quod
777 1368 857 1430 aliud
879 1365 1054 1430 vocabulum
1078 1367 1175 1447 aliquo
1199 1368 1285 1430 modo
1309 1386 1396 1429 com·

423 1478 456 1527 10
473 1470 655 1549 prehensum
678 1472 776 1533 luerit.
819 1472 859 1532 ita
881 1488 950 1532 cum
972 1472 1073 1547 iugera
1097 1470 1244 1548 adscripta
1271 1469 1397 1540 luerint,

474 1571 543 1634 licet
563 1574 730 1653 peregrinis
751 1572 900 1640 vocabulis
922 1573 1013 1651 possit
1040 1570 1149 1651 aliquid
1173 1614 1230 1632 ...
1253 1571 1394 1649 iugerum

474 1674 561 1736 nobis
583 1676 658 1736 ratio
680 1676 749 1743 tuit,
772 1674 861 1736 iidem
883 1673 1020 1735 servabit.

537 1789 567 1853 2.
597 1794 701 1872 Neque
728 1794 787 1855 boc
808 1793 1043 1873 praetermittam
1074 1790 1152 1871 quod
1181 1793 1211 1851 in
1240 1792 1397 1869 provincia
1508 1796 1509 1803 ’

475 1893 688 1973 Cyrenensium
712 1896 849 1973 cooperi,
872 1897 903 1954 in
927 1912 984 1972 qua
1007 1895 1071 1971 agri
1093 1902 1162 1954 suut
1184 1893 1273 1970 regii,
1295 1891 1325 1952 id
1350 1903 1400 1954 est

427 2001 458 2050 15
474 1993 516 2055 illi
532 2012 607 2073 qtros
620 1994 808 2056 Ptolomaeus
823 2010 877 2055 rex
892 1993 1003 2073 populo
1019 1994 1152 2056 Romano
1168 1993 1303 2074 reliquit:
1324 2002 1398 2055 sunt
1509 2038 1510 2043 η

474 2094 647 2173 plinthides,
671 2096 767 2156 idest
787 2094 921 2157 laterculi
937 2096 1072 2175 quadrati
1088 2097 1130 2157 uti
1146 2098 1311 2167 centuriae,
1335 2114 1397 2176 per

475 2215 547 2259 sena
570 2195 649 2257 milia
672 2197 781 2277 pedum
804 2195 946 2258 limitibus
967 2196 1087 2275 inclusi,
1116 2197 1259 2260 babentes
1282 2196 1395 2276 singuli

475 2298 608 2360 laterculi
631 2299 732 2378 iugera
753 2317 880 2361 numero
904 2299 1023 2362 ooCCL.
1060 2299 1173 2379 lapides
1196 2318 1265 2361 vero
1287 2303 1397 2362 inscri-

422 2437 461 2476 123
475 2402 519 2479 pti
540 2401 659 2461 nomine
682 2400 741 2462 diri
763 2402 935 2482 Vespasiani
958 2401 1012 2464 sub
1036 2400 1163 2462 clausula
1186 2401 1253 2471 tali,
1284 2401 1398 2464 occv-

423 2486 465 2592 226‘
475 2501 563 2563 ΡΑΤΙ
577 2503 601 2563 t
615 2502 787 2565 Pulveris
802 2503 928 2565 FINES:
952 2503 984 2564 P.
999 2503 1034 2564 R.
1052 2501 1263 2565 RESTlTVlT.
1305 2522 1397 2583 prae·

475 2613 556 2666 terea
579 2621 633 2682 pes
655 2623 774 2676 eorum,
805 2607 855 2686 qui
876 2605 1074 2667 Ptolomeicus
1096 2603 1275 2685 appellatur,
1304 2605 1398 2668 babet

475 2704 652 2767 monetalem
680 2707 787 2786 pedem
811 2714 841 2768 et
861 2709 1054 2768 semunciam.
1099 2707 1138 2766 ita
1161 2706 1314 2784 iugeribus
1337 2726 1398 2768 nu-

475 2825 559 2868 mero
582 2807 707 2879 mccl,
730 2826 806 2888 quae
829 2825 932 2868 eorum
955 2825 1094 2870 mensura
1115 2809 1321 2878 inveniuntur,
1346 2828 1397 2869 ac-

475 2907 583 2969 cedere
599 2908 687 2969 debet
701 2925 771 2986 pars
785 2907 912 2981 XXllll,
936 2918 966 2970 et
986 2910 1022 2970 ad
1046 2909 1181 2972 ellectum
1198 2911 1308 2970 iterum
1322 2927 1400 2988 pars

424 3015 457 3064 15
475 3007 597 3079 llllllll,
621 3017 649 3070 et
667 3008 819 3088 prodeunt
833 3028 904 3071 vero
921 3011 1029 3072 ellecto
1044 3009 1185 3072 monetali
1200 3010 1276 3090 pede
1291 3011 1398 3088 iugera

473 3178 677 3189 .....-.—

542 3282 567 3331 4.
591 3281 793 3332 narbonensem
811 3279 846 3343 B,
872 3281 1047 3331 narbonense
1068 3281 1132 3332 (iba
1218 3284 1242 3338 6.
1265 3281 1400 3348 hispania

476 3367 505 3423 6,
525 3366 652 3428 spaniam
669 3364 703 3427 B,
729 3363 833 3430 Spania
852 3364 895 3415 Lu
981 3365 1005 3418 6.
1025 3366 1067 3415 its
1085 3365 1122 3430 si,
1141 3369 1171 3415 ut
1189 3365 1247 3417 dixi
1265 3393 1297 3402 -
1315 3367 1396 3417 inve·

474 3451 598 3514 memus,
619 3444 714 3515 [sicut]
734 3448 847 3500 uidetur
864 3450 908 3500 ite
926 3449 1140 3501 renuntiandum
1157 3451 1199 3502 La
1285 3453 1311 3501 9.
1331 3467 1399 3502 eon-

473 3534 640 3601 prebensnm
659 3535 688 3594 G,
708 3534 954 3600 compraehensum
972 3533 1041 3584 BLa
1122 3536 1162 3589 12.
1182 3532 1248 3600 fuit]
1266 3536 1310 3585 sui
1327 3538 1394 3589 coni.

474 3621 516 3670 La
586 3621 627 3672 14.
646 3619 833 3686 cyri-nennium
852 3618 878 3668 B
961 3620 1000 3670 lb.
1018 3619 1173 3684 ptolomeus
1191 3620 1268 3683 BLa,
1286 3619 1398 3686 phtolo-

474 3704 593 3756 meusG
679 3707 720 3756 16.
738 3703 768 3754 id
787 3708 830 3754 est
850 3703 990 3767 Turnebus,
1009 3719 1060 3756 om.
1078 3701 1143 3754 libri
1174 3743 1177 3750 .
1212 3705 1254 3755 20.
1272 3706 1399 3758 restituit

478 3789 623 3853 Turnebus,
647 3789 809 3855 praestituit
832 3788 882 3839 BG
968 3789 1010 3838 25.
1035 3788 1171 3854 prodeunt
1193 3803 1258 3840 vero
1283 3787 1396 3858 effecto]
