3534 4400
497 402 538 465 10
804 421 1047 465 recuncounus
1066 422 1100 463 rra

495 569 576 619 cutus
591 564 637 618 sit.
673 560 711 615 dc
726 575 787 615 cum
802 558 930 614 rediisset
945 558 972 613 in
988 558 1107 628 ltaliam,
1129 560 1220 614 statim
1242 557 1278 613 ad
1290 556 1415 613 studium

496 646 646 721 paullisper
666 643 852 699 intermissum
873 658 1001 699 reversus
1023 650 1074 699 est.
1120 644 1156 697 Et
1178 643 1284 711 molta,
1308 643 1413 715 inquit,

496 732 574 786 velut
590 735 702 799 scripto
722 728 803 797 foliis
820 737 848 783 et
863 744 969 797 sporsc
989 731 1065 783 ortis
1082 728 1186 783 ordini
1198 729 1350 783 inlaturus
1367 742 1414 783 re-

497 816 608 889 collepi.
644 813 764 883 foedum
779 818 856 870 enim
869 814 943 867 mibi
956 814 1125 882 videbatur,
1147 819 1175 869 si
1190 828 1301 886 penerc
1319 828 1414 885 onpo-

496 902 589 957 iornm
605 908 674 971 quot
687 903 746 954 sint
761 903 960 969 interrogatus
976 899 1183 969 responderem
1200 897 1307 954 Multo:
1330 896 1414 953 ideo-

496 1001 552 1058 poe
574 986 672 1039 rernm
692 982 732 1035 od
750 982 961 1053 professionem
982 991 1112 1039 nostran
1130 986 1360 1053 pertinentium,
1382 986 1414 1035 in

497 1078 634 1144 quonium
646 1074 734 1138 potor‘
748 1074 927 1138 occupatos,
944 1074 1071 1138 spectes,
1088 1067 1262 1139 quatientes,
1277 1066 1413 1122 condici-

496 1170 576 1223 ones,
591 1154 691 1208 nodos
705 1160 733 1207 et
747 1167 883 1207 numeros
899 1158 1025 1209 oeenssr'.
1061 1153 1108 1207 llis
1130 1149 1259 1224 perlectis
1275 1153 1338 1224 quis
1354 1159 1413 1207 tan·

496 1240 558 1294 dem
580 1236 712 1309 ambigat,
742 1253 822 1311 quam
844 1245 929 1292 artem
950 1237 1107 1294 tractaverit
1127 1235 1226 1292 Balbus
1249 1236 1413 1308 qualemque

497 1322 597 1378 librum
618 1320 824 1400 composuerit?
850 1321 923 1376 Haec
943 1321 995 1377 nisi
1017 1318 1167 1395 geometria
1188 1319 1316 1390 dicenda,
1339 1318 1414 1375 nulla

497 1406 609 1463 omnino
631 1414 682 1461 est.
712 1410 750 1461 rte
771 1421 825 1479 quo
847 1402 1002 1461 accuratius
1017 1406 1043 1462 id
1064 1404 1240 1482 definiamus,
1262 1404 1286 1458 ei
1305 1418 1413 1477 geome-

499 1493 568 1546 triae
587 1492 682 1561 generi
711 1505 823 1562 operam
849 1488 923 1544 dedit
943 1490 1042 1546 balbus
1070 1489 1143 1563 quod
1167 1488 1198 1545 ad
1221 1504 1301 1544 usum
1326 1490 1367 1543 rei
1387 1494 1413 1543 et

497 1576 621 1649 agrariae
636 1583 664 1630 et
679 1573 804 1630 militaris
819 1574 982 1647 pertineret,
999 1574 1077 1630 culus
1093 1590 1150 1629 eam
1161 1580 1272 1646 partem
1284 1588 1356 1645 quae
1372 1578 1413 1627 est

497 1660 531 1716 de
546 1662 621 1733 agris
637 1658 780 1717 metiendis
796 1658 967 1731 geodaesiam
985 1658 1079 1716 Graeci
1091 1657 1309 1731 appellaverunt.

560 1744 651 1800 Talem
673 1746 759 1816 igitur
779 1745 956 1814 geometriam
978 1744 1010 1800 ad
1030 1760 1111 1799 usum
1132 1743 1350 1814 gromaticorum
1371 1756 1402 1795 ae

496 1828 695 1884 commodatam
705 1829 860 1901 composuit
871 1828 971 1884 llalbus
981 1845 1094 1901 eamque
1106 1826 1247 1899 inscripsit
1260 1826 1413 1900 Expositio·

497 1928 560 1967 nem
581 1919 609 1967 et
630 1911 762 1967 rationem
785 1911 905 1966 omniurn
927 1912 1087 1969 formarum.
1131 1911 1181 1965 llic
1202 1911 1335 1966 termae
1356 1908 1412 1964 lere

498 2010 546 2051 eae
560 1994 760 2068 intellegendae
775 2003 840 2049 sunt
855 2012 923 2069 quas
939 2013 990 2051 nos
1012 1995 1114 2067 figuras
1137 1996 1320 2069 geometricas
1336 2010 1412 2049 voca·
1493 2050 1494 2057 χ

417 2105 420 2109 ·
497 2096 573 2149 mus,
595 2078 696 2152 quibus
711 2080 801 2134 omnis
816 2078 876 2134 eius
892 2079 1050 2153 disciplinae
1071 2079 1268 2137 demonstratio
1289 2080 1413 2135 contine·
1493 2088 1494 2103 ¹

498 2173 551 2220 tur.
582 2163 749 2236 Quamquam
765 2180 820 2220 non
836 2171 891 2220 tam
907 2166 982 2238 ipsas
997 2163 1099 2239 ligures
1115 2164 1180 2222 stilo
1196 2165 1235 2220 vel
1248 2162 1354 2220 calamo
1369 2160 1412 2218 ad·

498 2248 638 2304 umbratas
654 2247 816 2319 significavit
827 2249 937 2319 Balbus,
954 2267 1034 2323 quam
1046 2253 1173 2306 notiones
1189 2265 1282 2306 earum
1298 2249 1333 2304 ab
1350 2263 1413 2304 ceu·

497 2333 588 2388 lorum
609 2331 709 2388 obtutu
722 2332 880 2389 ‘abstractas
901 2337 1041 2407 mentique
1062 2335 1215 2408 peritorum
1230 2332 1411 2399 inhaerentes,

498 2434 532 2474 ne
544 2417 639 2486 multa,
654 2417 714 2491 ipsa
726 2418 894 2490 geometriae
909 2426 937 2474 et
952 2419 1084 2493 principia
1100 2428 1128 2474 et
1143 2421 1329 2488 theoremata,
1346 2431 1412 2490 quo·

498 2501 532 2558 ad
548 2501 655 2575 quidem
677 2517 773 2558 eorum
794 2505 907 2559 scientia
929 2503 1084 2560 necessaria
1104 2512 1179 2560 esset
1194 2503 1227 2558 ad
1243 2501 1411 2576 disciplinam

496 2589 684 2661 gromaticam.
714 2587 817 2655 Quibus
831 2588 994 2662 'praeceptis
1015 2589 1188 2661 geometricis
1210 2585 1312 2643 addidit
1334 2585 1411 2642 aliam

496 2673 697 2728 institutionem
719 2688 788 2744 quae
808 2673 985 2745 peculiariter
999 2673 1032 2728 ad
1047 2672 1231 2728 Romanorum
1247 2677 1334 2727 artem
1350 2685 1412 2743 grc-

497 2755 621 2811 maticam
643 2756 811 2828 pertineret,
831 2759 910 2812 culus
932 2756 1042 2828 generis
1057 2765 1085 2812 et
1100 2756 1180 2812 initio
1196 2756 1260 2811 libri
1281 2753 1411 2828 quaedam

495 2847 603 2894 servata
620 2845 684 2892 sunt
699 2847 727 2893 et
741 2839 793 2895 alia
808 2848 934 2913 excerpta
956 2850 1021 2896 sunt
1036 2859 1050 2898 a
1065 2840 1267 2914 posterioribus
1282 2837 1412 2912 gromati-

494 2917 573 2994 εἰς’).
605 2921 719 2977 Omnino
741 2931 832 2979 autem
852 2924 997 2981 admodum
1018 2927 1113 2999 exigua
1135 2935 1200 3000 pars
1220 2926 1306 2999 ipsius
1322 2923 1410 2999 operis

494 3104 613 3154 ruentium
631 3105 777 3153 altitudines
794 3106 972 3167 nesciremus,
999 3106 1152 3156 uenerabilis
1174 3107 1239 3156 diis
1260 3108 1328 3156 ratio
1345 3118 1411 3155 mon-

495 3171 611 3227 strabat,-
639 3171 688 3219 ubi
706 3171 818 3221 codices
837 3187 898 3221 cum
923 3173 950 3222 in
975 3173 1038 3222 aliis
1061 3174 1211 3234 fluctuant,
1243 3178 1299 3222 tum
1319 3175 1347 3223 di
1363 3183 1409 3234 pro

495 3240 547 3288 diis
564 3236 651 3286 hebet
665 3238 816 3288 Gudianus.
852 3240 966 3290 Minime
985 3240 1096 3290 dubium
1116 3247 1159 3290 est
1177 3240 1242 3305 quin
1259 3237 1410 3292 venerantis

494 3308 546 3356 diis
563 3307 632 3355 rotie
651 3305 768 3356 absurde
786 3307 919 3372 scriptum
938 3309 987 3368 sit,
1007 3323 1059 3358 nee
1077 3309 1106 3358 id
1118 3308 1192 3374 fugit
1204 3307 1409 3358 Lachmannum

497 3376 547 3424 deo
565 3372 735 3425 suadentem.
769 3378 806 3422 At
822 3375 974 3425 venerabilis
992 3379 1114 3441 trianguli
1129 3378 1198 3425 ratio
1217 3377 1330 3441 scripsit
1347 3367 1409 3421 Bal·

496 3441 557 3502 bus,
577 3440 626 3488 ubi
644 3456 704 3490 eum
722 3444 845 3508 trionppti
865 3443 902 3499 nb
922 3443 1015 3507 aliquo
1033 3443 1146 3494 librario
1164 3459 1215 3508 per
1232 3443 1268 3494 Δί
1286 3446 1408 3492 notatum

497 3512 587 3571 esset,
600 3508 663 3558 inde
682 3510 788 3559 iactum
808 3516 850 3559 est
868 3511 918 3573 DI,
938 3511 1008 3574 quod
1027 3510 1145 3576 legimus
1164 3513 1192 3561 in
1211 3510 1352 3572 Gudiano,
1370 3504 1408 3554 id·

460 3631 466 3639 ,
497 3591 550 3642 que
567 3591 647 3639 porro
667 3583 824 3642 corruptum
843 3578 872 3626 in'
890 3581 940 3627 diis
960 3578 1045 3642 (conf.
1066 3579 1166 3629 Philol.
1184 3579 1264 3632 XXII
1282 3595 1307 3643 p.
1327 3573 1379 3641 62).

564 3643 592 3705 9)
609 3643 640 3693 Ρ.
660 3646 707 3708 98,
725 3647 832 3706 3-14;
851 3662 877 3710 p.
897 3647 943 3704 99,
964 3647 1100 3707 14-100‚
1117 3649 1146 3707 43
1165 3663 1192 3712 p.
1212 3648 1273 3704 103,
1294 3643 1407 3695 11-16,

496 3713 648 3762 Praeterea
665 3712 693 3760 in
713 3714 828 3778 reliquis
841 3713 1054 3778 gromaticorum
1070 3716 1181 3779 seriptis
1194 3714 1299 3764 Bulbus
1318 3713 1408 3764 auctor

495 3781 602 3830 citetur
619 3794 644 3843 p.
664 3783 723 3843 225,
744 3784 784 3831 14.
803 3783 863 3841 239,
884 3783 925 3831 15.
945 3783 1004 3838 245.
1026 3784 1048 3830 t.
1064 3783 1126 3844 ⁴249,
1142 3785 1164 3831 1.
1183 3781 1243 3844 402,
1256 3784 1279 3832 8.
1297 3784 1354 3841 403,
1368 3777 1428 3828 28.)
