3534 4400
454 440 456 445 .
499 381 561 445 134
793 399 890 443 varam
911 399 1113 442 raaamarmA.
1336 378 1411 466 [136]
1477 371 1480 382 '

561 532 591 596 9.
615 534 640 597 Η
665 535 777 597 Graeca
798 533 895 596 littera
917 533 1059 611 signifieat
1082 530 1213 595 'slitteras
1229 541 1305 603 octo,
1322 534 1355 593 id
1373 543 1416 595 est

497 638 674 699 tremissem.

562 736 612 801 10.
636 737 661 801 Ν
684 737 821 800 Larinum
843 737 987 815 significat
1001 736 1130 797 nomissa
1146 735 1308 808 Graecum,
1327 737 1416 799 idest

498 839 636 903 solidum.

460 942 480 990 5
563 941 611 1003 11.
637 941 667 1003 ΙΙ.
688 943 748 1003 iota
763 941 900 1001 adiuncta
915 940 996 1019 virga
1017 942 1163 1019 signifieat
1184 940 1346 1002 dimidium
1369 958 1414 1001 so·
1490 969 1492 994 ι

437 1086 444 1102 .
496 1042 600 1105 lidum.

563 1142 612 1206 12.
635 1144 685 1209 <.
717 1144 848 1223 virgulae
871 1144 947 1205 duae
969 1163 1006 1205 ex
1026 1162 1087 1205 uno
1110 1144 1217 1222 angulo
1240 1143 1367 1205 aiaeva
1388 1146 1416 1204 in

497 1247 648 1308 dexteram
676 1264 707 1308 se
736 1245 900 1308 dividentes
926 1246 1091 1325 significant
1124 1246 1291 1325 dragmam,
1329 1262 1416 1325 quam
1490 1275 1492 1326 i

499 1350 586 1409 etiam
609 1347 703 1409 olcem
726 1346 888 1427 appellant.
1156 1340 1159 1343 ’

447 1448 480 1497 10
563 1446 611 1511 13.
636 1448 695 1512 ΝΓ.
719 1449 744 1513 Ν
768 1449 905 1512 Larinum
928 1450 1066 1511 adiuncto
1089 1448 1110 1510 Γ
1132 1450 1246 1511 Graeco
1269 1449 1417 1528 significat
1490 1489 1492 1506 .

498 1553 698 1613 semiunciam.
886 1543 888 1547 ’
1226 1612 1236 1625 ,

563 1650 611 1713 14.
634 1654 668 1718 Ιῖ.
693 1670 810 1731 gamma
832 1662 931 1715 autem
947 1653 1078 1715 Graecae
1100 1649 1217 1713 litterae
1238 1669 1258 1713 0
1276 1652 1414 1713 Latinum
1490 1635 1492 1702 ἕ

498 1758 529 1815 in
551 1756 609 1816 fine
631 1757 764 1817 iunctum
786 1757 932 1835 significat
953 1755 1080 1816 unciam.
1490 1815 1492 1822 ,

564 1854 612 1917 15.
636 1854 671 1956 ᾼ.
702 1856 787 1919 lauda
810 1857 956 1940 Graecum
978 1875 1033 1935 per
1055 1856 1186 1917 medium
1209 1857 1255 1917 sui
1278 1854 1285 1916 Ι
1312 1855 1413 1915 Latino
1490 1829 1492 1844 Ι

401 2000 402 2005 κ
451 1972 484 2022 15
499 1957 615 2019 adiecto
638 1958 784 2035 signifieat
804 1958 921 2035 libram.

565 2057 613 2122 16.
638 2060 686 2122 ΚΥ.
710 2078 803 2138 eappa
818 2062 966 2121 Graecum
987 2061 1065 2121 circa
1088 2061 1177 2122 finem
1200 2075 1350 2119 cornuum
1365 2055 1413 2117 ad·

500 2165 600 2225 iuncto
623 2182 641 2242 y
663 2162 767 2223 Latino
789 2159 934 2240 signifieat
955 2163 1073 2224 eiatum.
1194 2161 1197 2167 ’

565 2279 614 2342 17.
644 2283 675 2342 Si
703 2297 772 2342 vero·
800 2299 819 2343 ο
847 2281 984 2342 Latinum
1012 2281 1070 2342 hoc
1097 2280 1186 2342 modo
1216 2277 1255 2342 Κο
1281 2282 1413 2342 iunctum

499 2383 650 2478 imbuerit,
676 2386 803 2446 eminam
826 2384 1024 2453 demonstrat,
1047 2400 1135 2462 quam
1159 2382 1264 2444 Graeci
1285 2379 1414 2444 cotillem
1490 2358 1492 2411 ἶ

449 2497 482 2548 20
501 2486 658 2566 appellant.

565 2587 614 2651 18.
644 2589 677 2650 Si
705 2597 802 2650 autem
824 2587 882 2648 hoe
904 2588 992 2648 modo
1016 2583 1054 2647 Κε
1084 2587 1216 2648 iunctum
1239 2585 1379 2647 habuerit
1399 2598 1413 2641 ε

500 2693 636 2752 Larinum
658 2691 803 2769 signifieat
824 2731 994 2750 ......
1234 2676 1236 2682 ’

566 2789 615 2852 19.
641 2836 647 2850 .
673 2837 679 2850 .
706 2836 712 2850 .
742 2792 913 2851 adiunctum
945 2790 1055 2855 indicat
1087 2787 1297 2860 accitahulum,
1337 2781 1412 2868 quod

502 2893 608 2955 Graeci
630 2891 788 2970 exiphalon
811 2899 925 2952 vocant.

509 3062 703 3072 ————-

571 3168 592 3215 1.
611 3161 732 3227 litterae]
753 3163 867 3228 siliquas
885 3164 983 3216 Iaider.
999 3165 1037 3227 fr.
1056 3167 1115 3219 127,
1134 3166 1149 3212 9
1253 3163 1282 3212 id
1305 3159 1358 3225 eri]
1383 3155 1409 3202 ·Ι·

499 3253 568 3312 eod„
586 3253 645 3301 item
662 3251 736 3300 aa.3
839 3250 862 3298 3.
884 3246 905 3298 Η
924 3248 1057 3296 Latinum
1074 3249 1131 3297 cod.
1229 3261 1340 3313 grecum
1357 3242 1409 3294 eod-
1490 3270 1492 3279 =

501 3338 527 3389 5.
547 3337 578 3385 de
597 3342 658 3385 noia
674 3336 731 3390 vide
746 3333 834 3398 praef.
888 3329 979 3396 virga]
998 3333 1058 3382 uita
1076 3333 1133 3382 eod.
1204 3334 1230 3382 7.
1248 3329 1276 3398 <]
1298 3329 1339 3383 ΙΙΖ
1356 3326 1409 3379 eod.

500 3421 612 3484 uirgula
631 3419 682 3469 due
701 3421 758 3470 cod.
826 3417 892 3466 leua
909 3417 967 3467 cod.
1042 3414 1409 3470 10.Nante1.arinumom·
1490 3398 1492 3423 ¹

499 3506 581 3564 cod.¹
647 3505 686 3555 12.
706 3519 789 3569 gama
808 3507 900 3552 autem
918 3516 1001 3567 grece
1019 3500 1113 3552 littere
1131 3503 1189 3552 cod.
1275 3503 1316 3552 14.
1335 3498 1409 3549 librae

500 3597 563 3640 nata
580 3590 606 3638 in
624 3589 681 3638 eod.
698 3589 757 3653 sere
776 3589 863 3638 eadem
881 3603 913 3637 ac
929 3601 1011 3650 supra
1028 3587 1116 3665 adse.
1135 3590 1194 3645 127,
1213 3589 1247 3636 14
1316 3586 1354 3635 16.
1373 3576 1407 3640 15

502 3690 575 3740 capa
593 3676 650 3725 cod.
721 3675 760 3723 19.
776 3669 906 3736 eminam]
926 3687 1009 3721 unam
1020 3672 1076 3722 cod.
1146 3673 1189 3721 22.
1206 3677 1266 3736 post
1278 3665 1408 3734 signifieat

501 3763 594 3811 lacuna
611 3766 650 3810 eat
667 3762 693 3810 in
711 3759 797 3811 codiee
