3534 4400
760 456 947 529 namneum.
1251 454 1316 501 xlii

402 611 440 651 uc
457 598 485 650 si
497 593 568 649 edidi
584 608 615 647 er
629 593 665 656 A;
689 590 772 666 vulgo
787 594 893 665 quodsi
910 593 1011 665 legitur
1031 596 1199 667 posteriore,
1222 604 1274 651 out
1292 601 1319 653 si·

401 681 496 753 priore
512 677 583 734 loco.
593 688 596 694 ·
607 707 643 717 -
667 676 736 733 120.
750 685 783 731 ut
802 678 926 751 dropma
942 688 1059 749 superet
1074 684 1194 752 pravior
1214 682 1316 737 editum

403 771 447 820 est
464 780 495 819 ex
511 757 545 817 A⁸
559 769 588 817 et
603 763 726 836 vestigiis
739 760 841 836 primae
858 780 952 819 manus
969 764 997 817 in
1013 763 1109 819 eodem
1126 766 1226 821 codice.
1265 764 1317 820 Sed

403 848 483 903 altius
502 848 598 903 vitium
618 847 671 902 boc
691 846 753 904 loco
777 846 864 905 latere
884 847 999 903 videtur.
1037 848 1150 904 Accedit
1172 850 1212 903 rei
1230 850 1317 922 ipsius

401 931 564 998 difficultas,
586 948 665 1005 quam
686 948 742 988 non
764 931 844 1005 plane
866 932 975 1005 expedit
994 931 1153 1005 llltigelius;
1175 933 1222 989 sed
1238 934 1271 989 de
1288 950 1318 989 ea

392 1034 431 1073 ¹re
446 1033 502 1073 non
518 1024 561 1073 est
578 1017 622 1072 iric
637 1016 788 1072 disserendi
808 1017 897 1073 locus.
918 1048 953 1057 -
971 1016 1040 1074 126.
1060 1017 1115 1073 boc
1135 1017 1196 1074 ABC
1219 1016 1318 1074 8111111-

399 1100 506 1172 lrelius,
522 1101 554 1156 ot
569 1100 659 1171 vulgo.
670 1131 714 1144 —-
730 1099 801 1157 127.
819 1103 962 1174 Syracuse·
975 1097 1027 1157 A'B
1043 1111 1182 1159 contracta
1198 1103 1317 1176 genetivi

402 1187 610 1255 terminatione,
632 1192 663 1240 ut
685 1203 766 1259 supra
780 1203 821 1242 vs.
838 1187 886 1242 71.
903 1186 951 1244 80.
970 1192 1093 1244 sectari.
1123 1186 1209 1259 Vulgo
1228 1187 1318 1261 Syru-

401 1274 482 1327 111112
498 1301 541 1311 -
557 1269 626 1328 130.
648 1280 787 1341 conperto
804 1273 836 1328 A.
858 1300 895 1311 —
920 1269 989 1327 144.
1006 1280 1109 1344 quotve
1127 1289 1177 1347 pro
1194 1283 1319 1345 quotque

400 1354 573 1411 scribendum
589 1372 649 1410 esse
664 1355 770 1410 videtur
784 1354 903 1412 Christio
918 1356 945 1411 11
961 1356 1027 1412 llus.
1044 1357 1129 1413 Rheu.
1145 1356 1188 1412 XX
1203 1376 1230 1431 p.
1247 1357 1285 1413 72
1295 1375 1317 1413 s.

402 1468 439 1479 —
460 1438 529 1495 151.
547 1440 598 1495 sub
614 1444 699 1512 cquis
716 1441 768 1510 fiet
788 1439 1061 1513 intumescitis,
1086 1441 1160 1514 quod
1183 1459 1236 1515 quo
1258 1444 1318 1497 iure

400 1523 562 1579 Eudlichero
578 1523 753 1596 glossematis
767 1523 831 1580 loco
847 1526 934 1581 visum
953 1526 1005 1596 sit,
1023 1526 1149 1599 equidem
1167 1544 1222 1583 nou
1238 1526 1319 1582 intel·

399 1608 479 1681 lego;
495 1609 577 1664 immo
593 1608 732 1681 vulgatum
747 1609 882 1663 subsistet
898 1614 973 1663 enim
993 1612 1112 1682 pessime
1132 1617 1176 1664 est
1195 1612 1319 1681 interpo-

400 1691 497 1747 latum.
513 1690 642 1746 -157,
661 1696 796 1763 corrupti
810 1693 933 1747 codicum
950 1694 1096 1765 scriptura,
1114 1694 1166 1748 etsi
1182 1692 1320 1748 diiiicilior

404 1783 459 1843 est,
474 1782 563 1829 tamen
578 1789 631 1829 nec
645 1777 715 1831 a-rei
730 1778 836 1831 ratione
851 1792 902 1830 nec
917 1792 930 1830 a
947 1776 1010 1831 stilo
1027 1775 1108 1831 huius
1121 1784 1219 1848 poetae
1234 1776 1320 1832 aliena

403 1856 520 1913 videtur.
558 1857 702 1929 Vulgatum
720 1870 858 1931 correpto
873 1868 983 1916 revocat
998 1859 1132 1916 Christius
1147 1859 1164 1916 l.
1181 1879 1203 1917 1.
1222 1878 1249 1935 p.
1270 1860 1318 1917 71.

403 1971 440 1981 -
460 1942 530 1998 161.
546 1947 666 2015 quaevis
681 1944 775 1999 librae
787 1944 850 1999 Aut
864 1943 1052 2001 Schenkelius.
1069 1974 1106 1985 —
1125 1944 1195 2001 179.
1213 1962 1319 2001 causo-

403 2042 458 2099 pue
480 2043 548 2099 ego,
572 2036 712 2083 consuet
733 2028 925 2099 Schenkelius,
945 2044 1037 2084 causa
1060 2036 1155 2085 contra
1176 2047 1319 2087 numerum

400 2111 578 2167 Enilliciierus
594 2128 626 2167 ex
640 2114 670 2167 A.
689 2143 726 2153 -
752 2113 811 2169 187
828 2132 849 2169 s.
872 2112 924 2169 hos
941 2130 1036 2169 versus
1057 2121 1132 2170 recte
1153 2114 1275 2170 distinxit
1292 2123 1320 2170 et

402 2195 532 2270 explicuit
544 2195 678 2253 Christius
695 2196 713 2254 1.
725 2217 747 2255 c.
760 2216 786 2272 p.
798 2197 846 2255 73.
859 2228 897 2238 —
912 2196 980 2256 195.
997 2198 1063 2270 cybi
1076 2201 1152 2270 eud,
1169 2208 1200 2256 ut
1215 2218 1253 2262 vs.
1263 2200 1318 2268 623

401 2281 669 2338 cobiEudlicherus.
1363 2299 1366 2304 ·

468 2449 537 2506 121.
553 2450 624 2506 idem
641 2466 748 2506 carmen
764 2451 797 2505 de
809 2451 976 2523 ponderibus
988 2451 1072 2506 codex
1083 2452 1223 2506 Parisinus
1237 2450 1318 2506 7461

401 2533 516 2590 membr.
531 2534 667 2589 saeclllll
682 2533 735 2588 alio
752 2534 847 2588 ordine
863 2533 1026 2604 dispositum
1043 2542 1070 2587 et
1086 2533 1193 2587 duobus
1210 2531 1321 2605 supple·

401 2621 518 2687 mentis,
534 2617 582 2673 sed
597 2616 630 2672 iis
647 2617 742 2672 alicnis
758 2633 771 2670 a
788 2615 908 2688 genuino
924 2623 1064 2685 contextu,
1080 2622 1189 2670 auctum
1205 2615 1320 2672 exbibet.

400 2704 470 2760 ilinc
488 2709 517 2758 et
537 2704 627 2774 ipsum
648 2717 757 2758 carmen
779 2707 806 2756 et
829 2715 859 2755 ea
878 2715 948 2773 quae
963 2699 1016 2754 diri
1035 2698 1224 2774 supplementa
1239 2700 1322 2757 edidit

399 2785 580 2858 tinguent
596 2785 623 2839 iu
639 2785 709 2842 libro
726 2785 771 2857 qui
788 2784 948 2840 inscribitur
961 2784 1053 2857 Sopre
1069 2785 1163 2840 (luido
1178 2781 1320 2840 d'Areato

401 2874 617 2928 dissertozione
632 2867 727 2940 (Paris.
744 2867 837 2940 1811)
851 2887 878 2942 p.
896 2868 957 2923 227
974 2887 1011 2924 ss.
1027 2869 1226 2944 (supplementa
1243 2887 1321 2944 repe·

400 2955 465 3012 tivit
479 2954 598 3010 Orellius
620 2954 647 3008 iu
670 2953 818 3026 appendice
839 2953 871 3009 ad
891 2953 1004 3008 Phaedri
1029 2953 1132 3010 iahulas
1153 2972 1178 3028 p.
1196 2954 1258 3012 240
1274 2973 1321 3026 ss,

400 3039 451 3098 sed
474 3038 572 3094 falsum
593 3037 694 3094 codicis
712 3053 855 3092 numerum
874 3037 954 3093 7211
972 3039 1063 3094 attulit
1080 3039 1210 3112 deceptus
1227 3056 1322 3095 errore

402 3122 548 3197 Angelouii
566 3142 593 3198 p.
611 3121 694 3194 2251.
729 3120 767 3176 Ex
785 3121 827 3176 iris
842 3121 1040 3196 supplementis
1061 3122 1192 3191 alterum,
1218 3123 1321 3198 quode

402 3209 490 3264 librae
508 3207 631 3281 partibus
647 3207 755 3281 agitur,
778 3221 829 3277 ego
844 3206 954 3262 Parisiis
971 3223 1004 3262 ex
1019 3206 1113 3263 eodem
1130 3206 1319 3265 1111117461

405 3292 555 3365 descripsi,
583 3308 652 3366 quae
678 3307 761 3364 opera
787 3297 901 3363 propter
922 3291 1024 3346 multos
1046 3291 1190 3363 Angelouii
1213 3309 1321 3349 errores

406 3377 516 3433 minime
536 3376 641 3432 inutilis
662 3375 723 3430 init.
753 3375 897 3430 Praeterea
916 3375 982 3431 haec
1000 3391 1030 3430 ex
1045 3392 1077 3430 eo
1093 3375 1185 3432 codice
1203 3377 1320 3433 enotavi.

405 3460 534 3517 Continet
548 3461 596 3518 iol.
613 3459 716 3517 1-16
732 3458 864 3514 Guidonis
879 3459 1069 3532 micrologium
1087 3461 1114 3515 in
1133 3463 1250 3532 musica,
1275 3461 1321 3517 iol.

407 3544 533 3602 19—27
549 3545 669 3601 libonem
689 3544 723 3600 de
745 3544 857 3599 musica.
888 3542 962 3600 11111
985 3551 1074 3600 autem
1092 3562 1161 3618 quae
1179 3547 1322 3602 interserta

376 3694 385 3723 Ι
407 3637 487 3699 snut,
510 3629 549 3686 17
564 3637 592 3685 et
607 3628 664 3698 18,
682 3628 821 3685 contrario
837 3627 932 3684 ordine
949 3628 1075 3701 colligata
1092 3637 1157 3685 sunt
1171 3647 1202 3700 ac
1216 3646 1266 3704 per
1281 3644 1323 3682 ar·

408 3723 568 3787 gementum
583 3714 736 3788 scripturae
751 3713 883 3787 oportuit.
914 3713 978 3768 liam
994 3713 1022 3767 in
1037 3713 1084 3769 iol.
1098 3713 1137 3770 18
1153 3713 1250 3786 incipit
1265 3711 1322 3764 sine

408 3797 587 3874 inscriptione
606 3813 715 3856 carmen
732 3798 765 3854 de
781 3796 949 3874 ponderibus
968 3797 1100 3852 Pondere
1115 3800 1229 3868 poeotes
1244 3799 1323 3846 uete-
