3534 4400
385 350 464 436 [137]
645 372 809 413 nxcnnrra
830 374 870 413 nx
893 371 1035 413 rumore.
1093 408 1097 413 .
1241 349 1302 414 135

536 486 550 519 N

449 536 501 600 20.
526 538 569 601 Μ.
593 538 653 598 moi
668 538 814 599 Graecum
837 540 1023 617 superposito
1040 537 1065 600 Ν
1082 539 1186 599 Latino
1208 540 1301 617 signi·

309 699 314 708 ,
380 640 454 700 ‘duat
475 642 598 701 minam.

308 727 315 738 ¹
449 738 502 802 21.
525 739 586 805 ΤΛ.
610 740 788 804 TLatinum
810 742 841 800 in
862 740 921 800 line
936 721 1092 802 ihabueris
1107 739 1193 802 lauda
1208 741 1301 802 Grae·

288 863 297 888 τ
378 860 454 904 eum
477 842 623 921 siguificat
644 842 796 903 talentum.

331 927 337 942 ¹
448 941 500 1005 22.
525 942 580 1006 Χο.
605 945 652 1005 chi
665 945 811 1006 Graecum
826 944 857 1003 iu
872 944 996 1005 dextere
1009 943 1132 1005 brachio
1146 944 1299 1023 superiore
1317 962 1334 1010 5

377 1066 401 1110 0
425 1048 525 1108 littera
548 1047 704 1108 euniuuela
728 1045 813 1107 eeuix
836 1053 889 1105 est.

450 1146 594 1230 [Explicit
610 1153 750 1209 tractatus
773 1145 810 1208 de
832 1147 923 1225 signis
944 1146 1126 1225 ponderum:
1148 1144 1300 1227 feliciter]

541 1381 718 1447 137-138.
763 1381 927 1463 Enemptn
948 1401 993 1485 ⁶⁵⁶,
1010 1382 1147 1447 Isidoro.

810 1500 880 1564 137.
898 1566 904 1577 ,

451 1613 479 1675 1.
504 1610 643 1675 Mensura
672 1618 716 1674 est
737 1614 816 1673 iuxta
838 1612 983 1675 Isidorum
1007 1612 1145 1691 quiequid
1167 1612 1300 1693 pondere
1319 1622 1355 1670 10·
1427 1635 1452 1663 a

351 1707 356 1756 ¹
378 1716 549 1796 capacitate
576 1713 759 1793 longitudine
786 1713 941 1777 latitudine
968 1712 1121 1775 altitudine
1144 1716 1301 1798 animoque
1366 1724 1369 1729 ’

378 1819 495 1879 linitur.
533 1818 661 1878 maiores
683 1817 781 1895 itaque
804 1814 908 1876 orbem
930 1816 961 1875 iu
981 1800 1125 1895 partibus,
1148 1822 1249 1894 partes
1269 1817 1301 1875 in

378 1920 554 2001 prouinciis,
577 1919 745 1997 provincias
767 1917 797 1976 in
813 1915 994 1995 regionibus
1017 1917 1155 1995 regiones
1169 1917 1201 1978 in
1215 1917 1300 1985 loeis,

379 2021 449 2081 loca
473 2023 503 2081 in
524 2020 694 2090 territoriis,
724 2018 873 2081 territuria
895 2019 926 2077 in
949 2019 1041 2097 agris,
1069 2035 1156 2097 agros
1178 2020 1208 2078 iu
1231 2037 1301 2080 een-

380 2122 485 2192 tnriis,
514 2124 662 2183 centurias
689 2123 719 2181 in
747 2120 916 2202 iugeribus,
946 2123 1049 2201 iugera
1071 2121 1102 2180 in
1125 2119 1352 2191 climatibus,15

325 2205 330 2214 ¹
380 2225 503 2285 climata
526 2225 555 2284 in
579 2223 701 2293 actibus,
726 2233 808 2286 aetus
830 2224 859 2283 in
882 2224 1013 2302 perticis,
1036 2225 1164 2301 perticas
1184 2225 1215 2283 ln
1234 2241 1301 2301 pas·
1361 2247 1366 2253 ·

379 2343 451 2397 sm,
481 2344 587 2404 passus
611 2327 643 2386 in
666 2325 821 2404 gradibus,
852 2324 961 2400 gradus
982 2326 1014 2383 in
1037 2323 1157 2408 nubitis,
1186 2323 1314 2386 nubilus⁴

380 2429 415 2489 in
439 2427 580 2506 pedibus,
608 2427 700 2506 pedes
722 2429 752 2488 in
774 2426 896 2504 palmia,
924 2423 1038 2503 palmus
1060 2426 1091 2483 in
1113 2426 1222 2494 unciis,
1245 2443 1301 2486 un·

382 2531 449 2590 cias
469 2530 501 2590 in
524 2529 623 2608 digitis
645 2529 815 2590 diviserunt.

450 2628 480 2691 2.
496 2630 610 2710 Digitus
626 2638 670 2692 est
685 2649 754 2710 pars
769 2631 890 2690 minima
906 2629 1065 2708 agrestium
1081 2643 1299 2688 mensurarum.
1318 2637 1353 2687 2ο

406 2807 409 2813 ,
450 2731 480 2795 3.
503 2733 576 2794 inde
598 2734 684 2794 uncia
707 2731 819 2793 habens
842 2733 950 2810 digitos
971 2738 1043 2793 tres.

450 2831 481 2895 4.
504 2834 623 2896 Palmus
645 2843 743 2895 autem
766 2841 905 2912 quattuor
920 2833 1027 2912 digitos
1041 2830 1138 2901 habet,
1160 2848 1215 2911 pes
1230 2849 1300 2893 vero

381 2936 527 2998 sedecim.

320 3110 323 3125 Ι
451 3035 482 3100 5.
505 3037 613 3099 Passus
629 3039 653 3098 V
668 3038 759 3116 pedes
781 3036 880 3108 habet,
904 3037 1015 3116 pertica
1038 3053 1142 3117 passus
1164 3035 1247 3104 duos,
1271 3035 1300 3096 id

320 3134 323 3145 '
382 3147 432 3202 est
453 3139 545 3220 pedes
567 3140 678 3203 decem.
1318 3143 1352 3193 25

455 3313 478 3361 3.
498 3307 555 3360 Tu.
569 3315 588 3363 t.
606 3311 663 3364 eod.
750 3311 775 3360 9.
796 3309 817 3360 G
838 3309 904 3358 dune
926 3309 1021 3357 titulum
1041 3307 1162 3372 praefigit
1179 3305 1218 3355 IN
1235 3305 1302 3354 DEI

316 3416 319 3429 ·
383 3393 529 3446 NOMINE
558 3393 678 3444 Pavet
706 3392 756 3444 DE
780 3392 962 3444 MENSVRIS
992 3389 1190 3442 SECVNDVM
1214 3387 1302 3440 GEO·

384 3477 574 3530 rnn'rfflcan
600 3475 837 3529 DISCIPLINAE
863 3475 1055 3527 RATIONEM
1077 3475 1127 3525 EX
1144 3473 1302 3525 VOLVMI-

383 3562 494 3614 NlBVS
521 3563 766 3614 ERVDITORVM
794 3561 962 3614 VIRORVM
991 3559 1186 3611 EXOERPTA
1213 3558 1302 3610 INCI-

383 3649 498 3700 PIVNT
585 3650 626 3699 11.
646 3647 851 3712 animoquaed
937 3647 977 3697 13.
995 3645 1184 3711 prouintiisG
1258 3646 1301 3695 22.

382 3737 503 3800 quatuor
525 3733 552 3783 V
617 3734 659 3785 24.
677 3732 771 3798 pedG
839 3733 880 3783 25.
898 3731 965 3781 XG
