<?xml version="1.0" encoding="UTF-8"?>
<!DOCTYPE html PUBLIC "-//W3C//DTD XHTML 1.0 Transitional//EN"
    "http://www.w3.org/TR/xhtml1/DTD/xhtml1-transitional.dtd">
<html xmlns="http://www.w3.org/1999/xhtml" xml:lang="en" lang="en">
 <head>
  <title>
</title>
<meta http-equiv="Content-Type" content="text/html;charset=utf-8" />
  <meta name='ocr-system' content='tesseract 3.04.00' />
  <meta name='ocr-capabilities' content='ocr_page ocr_carea ocr_par ocr_line ocrx_word'/>
</head>
<body>
  <div class='ocr_page' id='page_1' title='image "./metrologicorums00hultgoog_0067.png"; bbox 0 0 3534 4400; ppageno 0'>
   <div class='ocr_carea' id='block_1_1' title="bbox 659 376 1304 454">
    <p class='ocr_par' dir='ltr' id='par_1_1' title="bbox 659 376 1304 454">
     <span class='ocr_line' id='line_1_1' title="bbox 659 376 1304 454; baseline 0.005 -18"><span class='ocrx_word' id='word_1_1' title='bbox 659 393 859 437; x_wconf 68' lang='lat' dir='ltr'><strong>sempronius</strong></span> <span class='ocrx_word' id='word_1_2' title='bbox 881 394 1049 454; x_wconf 68' lang='grc'><strong>1101111100.</strong></span> <span class='ocrx_word' id='word_1_3' title='bbox 1264 376 1304 439; x_wconf 86' lang='grc'><strong>31</strong></span> 
     </span>
    </p>
   </div>
   <div class='ocr_carea' id='block_1_2' title="bbox 375 530 1305 859">
    <p class='ocr_par' dir='ltr' id='par_1_2' title="bbox 375 530 1305 859">
     <span class='ocr_line' id='line_1_2' title="bbox 376 530 1305 605; baseline 0.003 -17"><span class='ocrx_word' id='word_1_4' title='bbox 376 531 541 591; x_wconf 83' lang='lat' dir='ltr'><strong>Scheulrelii</strong></span> <span class='ocrx_word' id='word_1_5' title='bbox 559 533 696 587; x_wconf 87' lang='lat' dir='ltr'><strong>sententia</strong></span> <span class='ocrx_word' id='word_1_6' title='bbox 708 530 879 605; x_wconf 78' lang='lat' dir='ltr'>probabilior</span> <span class='ocrx_word' id='word_1_7' title='bbox 894 531 1015 603; x_wconf 86' lang='lat' dir='ltr'><strong>videtur,</strong></span> <span class='ocrx_word' id='word_1_8' title='bbox 1035 532 1080 588; x_wconf 87' lang='lat' dir='ltr'><strong>sed</strong></span> <span class='ocrx_word' id='word_1_9' title='bbox 1097 550 1154 589; x_wconf 89' lang='lat' dir='ltr'><strong>rem</strong></span> <span class='ocrx_word' id='word_1_10' title='bbox 1170 536 1197 589; x_wconf 92' lang='lat' dir='ltr'><strong>in</strong></span> <span class='ocrx_word' id='word_1_11' title='bbox 1215 535 1305 592; x_wconf 91' lang='lat' dir='ltr'><strong>medio</strong></span> 
     </span>
     <span class='ocr_line' id='line_1_3' title="bbox 375 616 1304 691; baseline 0.003 -19"><span class='ocrx_word' id='word_1_12' title='bbox 375 616 530 691; x_wconf 85' lang='lat' dir='ltr'><strong>relinquo,</strong></span> <span class='ocrx_word' id='word_1_13' title='bbox 552 617 680 690; x_wconf 89' lang='lat' dir='ltr'><strong>quoniam</strong></span> <span class='ocrx_word' id='word_1_14' title='bbox 698 618 800 673; x_wconf 87' lang='lat' dir='ltr'><strong>certius</strong></span> <span class='ocrx_word' id='word_1_15' title='bbox 818 616 947 673; x_wconf 91' lang='lat' dir='ltr'><strong>iudicium</strong></span> <span class='ocrx_word' id='word_1_16' title='bbox 965 616 1025 674; x_wconf 89' lang='lat' dir='ltr'><strong>lieri</strong></span> <span class='ocrx_word' id='word_1_17' title='bbox 1046 632 1101 673; x_wconf 93' lang='lat' dir='ltr'><strong>non</strong></span> <span class='ocrx_word' id='word_1_18' title='bbox 1123 634 1205 691; x_wconf 91' lang='lat' dir='ltr'><strong>posse</strong></span> <span class='ocrx_word' id='word_1_19' title='bbox 1226 619 1304 675; x_wconf 90' lang='lat' dir='ltr'><strong>intel-</strong></span> 
     </span>
     <span class='ocr_line' id='line_1_4' title="bbox 375 699 1305 774; baseline 0.002 -17"><span class='ocrx_word' id='word_1_20' title='bbox 375 703 449 774; x_wconf 84' lang='lat' dir='ltr'>lego</span> <span class='ocrx_word' id='word_1_21' title='bbox 465 702 519 757; x_wconf 88' lang='lat' dir='ltr'><strong>nisi</strong></span> <span class='ocrx_word' id='word_1_22' title='bbox 534 699 727 757; x_wconf 72' lang='lat' dir='ltr'><strong>subtilioribus</strong></span> <span class='ocrx_word' id='word_1_23' title='bbox 742 700 952 774; x_wconf 89' lang='lat' dir='ltr'><strong>quaestionibus</strong></span> <span class='ocrx_word' id='word_1_24' title='bbox 967 702 1000 757; x_wconf 92' lang='lat' dir='ltr'><strong>de</strong></span> <span class='ocrx_word' id='word_1_25' title='bbox 1015 715 1045 757; x_wconf 92' lang='lat' dir='ltr'><strong>re</strong></span> <span class='ocrx_word' id='word_1_26' title='bbox 1067 704 1179 759; x_wconf 89' lang='lat' dir='ltr'><strong>metrica</strong></span> <span class='ocrx_word' id='word_1_27' title='bbox 1196 704 1305 759; x_wconf 91' lang='lat' dir='ltr'><strong>institu-</strong></span> 
     </span>
     <span class='ocr_line' id='line_1_5' title="bbox 377 784 926 859; baseline 0 -18"><span class='ocrx_word' id='word_1_28' title='bbox 377 787 432 856; x_wconf 81' lang='lat' dir='ltr'><strong>tis,</strong></span> <span class='ocrx_word' id='word_1_29' title='bbox 450 801 521 859; x_wconf 91' lang='lat' dir='ltr'><strong>quae</strong></span> <span class='ocrx_word' id='word_1_30' title='bbox 537 784 639 841; x_wconf 89' lang='lat' dir='ltr'><strong>alienae</strong></span> <span class='ocrx_word' id='word_1_31' title='bbox 654 785 766 841; x_wconf 88' lang='lat' dir='ltr'><strong>suntab</strong></span> <span class='ocrx_word' id='word_1_32' title='bbox 785 785 926 843; x_wconf 88' lang='lat' dir='ltr'><strong>hocloco.</strong></span> 
     </span>
    </p>
   </div>
   <div class='ocr_carea' id='block_1_3' title="bbox 453 948 1235 1014">
    <p class='ocr_par' dir='ltr' id='par_1_3' title="bbox 453 948 1235 1014">
     <span class='ocr_line' id='line_1_6' title="bbox 453 948 1235 1014; baseline 0.003 -15"><span class='ocrx_word' id='word_1_33' title='bbox 453 950 494 999; x_wconf 85' lang='lat' dir='ltr'><strong>De</strong></span> <span class='ocrx_word' id='word_1_34' title='bbox 512 950 625 1001; x_wconf 75' lang='lat' dir='ltr'><strong>carmine</strong></span> <span class='ocrx_word' id='word_1_35' title='bbox 643 963 691 1014; x_wconf 85' lang='lat' dir='ltr'><strong>quo</strong></span> <span class='ocrx_word' id='word_1_36' title='bbox 710 949 791 999; x_wconf 78' lang='lat' dir='ltr'><strong>librae</strong></span> <span class='ocrx_word' id='word_1_37' title='bbox 806 956 900 1013; x_wconf 77' lang='lat' dir='ltr'><strong>portes</strong></span> <span class='ocrx_word' id='word_1_38' title='bbox 917 948 1030 1001; x_wconf 83' lang='lat' dir='ltr'><strong>breuiter</strong></span> <span class='ocrx_word' id='word_1_39' title='bbox 1047 950 1235 1007; x_wconf 81' lang='lat' dir='ltr'><strong>describantur.</strong></span> 
     </span>
    </p>
   </div>
   <div class='ocr_carea' id='block_1_4' title="bbox 321 1050 1394 3685">
    <p class='ocr_par' dir='ltr' id='par_1_4' title="bbox 374 1050 1370 1552">
     <span class='ocr_line' id='line_1_7' title="bbox 426 1050 1368 1129; baseline 0 -20"><span class='ocrx_word' id='word_1_40' title='bbox 426 1053 567 1117; x_wconf 64' lang='lat' dir='ltr'><strong>‚Carmini</strong></span> <span class='ocrx_word' id='word_1_41' title='bbox 581 1054 615 1110; x_wconf 89' lang='lat' dir='ltr'><strong>de</strong></span> <span class='ocrx_word' id='word_1_42' title='bbox 628 1052 798 1129; x_wconf 85' lang='lat' dir='ltr'><strong>ponderibus</strong></span> <span class='ocrx_word' id='word_1_43' title='bbox 818 1056 851 1112; x_wconf 91' lang='lat' dir='ltr'><strong>de</strong></span> <span class='ocrx_word' id='word_1_44' title='bbox 872 1070 928 1128; x_wconf 90' lang='lat' dir='ltr'><strong>quo</strong></span> <span class='ocrx_word' id='word_1_45' title='bbox 949 1055 1037 1111; x_wconf 92' lang='lat' dir='ltr'><strong>adhuc</strong></span> <span class='ocrx_word' id='word_1_46' title='bbox 1057 1056 1174 1112; x_wconf 80' lang='lat' dir='ltr'><strong>diximus</strong></span> <span class='ocrx_word' id='word_1_47' title='bbox 1195 1057 1223 1111; x_wconf 92' lang='lat' dir='ltr'><strong>in</strong></span> <span class='ocrx_word' id='word_1_48' title='bbox 1245 1050 1368 1129; x_wconf 83' lang='lat' dir='ltr'><strong>qui-119</strong></span> 
     </span>
     <span class='ocr_line' id='line_1_8' title="bbox 374 1135 1304 1215; baseline 0.002 -20"><span class='ocrx_word' id='word_1_49' title='bbox 374 1137 499 1195; x_wconf 87' lang='lat' dir='ltr'><strong>busdam</strong></span> <span class='ocrx_word' id='word_1_50' title='bbox 515 1138 594 1195; x_wconf 91' lang='lat' dir='ltr'><strong>libris</strong></span> <span class='ocrx_word' id='word_1_51' title='bbox 610 1139 818 1213; x_wconf 89' lang='lat' dir='ltr'><strong>manuscriptis</strong></span> <span class='ocrx_word' id='word_1_52' title='bbox 835 1138 869 1211; x_wconf 88' lang='lat' dir='ltr'><strong>(v.</strong></span> <span class='ocrx_word' id='word_1_53' title='bbox 885 1135 982 1215; x_wconf 89' lang='lat' dir='ltr'><strong>praei.)</strong></span> <span class='ocrx_word' id='word_1_54' title='bbox 1005 1140 1161 1197; x_wconf 90' lang='lat' dir='ltr'><strong>adiunctum</strong></span> <span class='ocrx_word' id='word_1_55' title='bbox 1181 1147 1222 1197; x_wconf 91' lang='lat' dir='ltr'><strong>est</strong></span> <span class='ocrx_word' id='word_1_56' title='bbox 1237 1140 1304 1197; x_wconf 90' lang='lat' dir='ltr'><strong>alte·</strong></span> 
     </span>
     <span class='ocr_line' id='line_1_9' title="bbox 375 1222 1303 1298; baseline 0.001 -18"><span class='ocrx_word' id='word_1_57' title='bbox 375 1240 445 1280; x_wconf 90' lang='lat' dir='ltr'><strong>rum</strong></span> <span class='ocrx_word' id='word_1_58' title='bbox 462 1222 573 1280; x_wconf 91' lang='lat' dir='ltr'><strong>brevius</strong></span> <span class='ocrx_word' id='word_1_59' title='bbox 589 1222 622 1279; x_wconf 91' lang='lat' dir='ltr'><strong>ab</strong></span> <span class='ocrx_word' id='word_1_60' title='bbox 637 1222 691 1279; x_wconf 90' lang='lat' dir='ltr'><strong>alio</strong></span> <span class='ocrx_word' id='word_1_61' title='bbox 707 1226 842 1298; x_wconf 88' lang='lat' dir='ltr'><strong>scriptore</strong></span> <span class='ocrx_word' id='word_1_62' title='bbox 858 1231 966 1293; x_wconf 82' lang='lat' dir='ltr'><strong>ortum,</strong></span> <span class='ocrx_word' id='word_1_63' title='bbox 989 1240 1044 1298; x_wconf 90' lang='lat' dir='ltr'><strong>quo</strong></span> <span class='ocrx_word' id='word_1_64' title='bbox 1059 1223 1144 1281; x_wconf 90' lang='lat' dir='ltr'><strong>librae</strong></span> <span class='ocrx_word' id='word_1_65' title='bbox 1161 1226 1216 1281; x_wconf 89' lang='lat' dir='ltr'><strong>sive</strong></span> <span class='ocrx_word' id='word_1_66' title='bbox 1233 1225 1303 1281; x_wconf 89' lang='lat' dir='ltr'><strong>assis</strong></span> 
     </span>
     <span class='ocr_line' id='line_1_10' title="bbox 375 1302 1303 1383; baseline 0 -18"><span class='ocrx_word' id='word_1_67' title='bbox 375 1315 478 1381; x_wconf 88' lang='lat' dir='ltr'><strong>partes</strong></span> <span class='ocrx_word' id='word_1_68' title='bbox 499 1308 618 1363; x_wconf 87' lang='lat' dir='ltr'><strong>breviter</strong></span> <span class='ocrx_word' id='word_1_69' title='bbox 639 1306 810 1382; x_wconf 75' lang='lat' dir='ltr'><strong>explicantur</strong></span> <span class='ocrx_word' id='word_1_70' title='bbox 830 1302 874 1381; x_wconf 91' lang='lat' dir='ltr'><strong>(ir.</strong></span> <span class='ocrx_word' id='word_1_71' title='bbox 898 1306 978 1381; x_wconf 80' lang='lat'>121).</span> <span class='ocrx_word' id='word_1_72' title='bbox 1026 1308 1054 1364; x_wconf 91' lang='lat' dir='ltr'><strong>ld</strong></span> <span class='ocrx_word' id='word_1_73' title='bbox 1076 1310 1172 1383; x_wconf 89' lang='lat' dir='ltr'><strong>quinto</strong></span> <span class='ocrx_word' id='word_1_74' title='bbox 1196 1310 1303 1365; x_wconf 89' lang='lat' dir='ltr'><strong>demum</strong></span> 
     </span>
     <span class='ocr_line' id='line_1_11' title="bbox 375 1381 1303 1467; baseline 0.003 -21"><span class='ocrx_word' id='word_1_75' title='bbox 375 1391 422 1448; x_wconf 85' lang='lat' dir='ltr'><strong>vel</strong></span> <span class='ocrx_word' id='word_1_76' title='bbox 439 1394 535 1465; x_wconf 88' lang='lat' dir='ltr'><strong>potius</strong></span> <span class='ocrx_word' id='word_1_77' title='bbox 547 1399 624 1449; x_wconf 83' lang='lat' dir='ltr'><strong>sexto</strong></span> <span class='ocrx_word' id='word_1_78' title='bbox 641 1381 752 1451; x_wconf 65' lang='lat' dir='ltr'><strong>‘saeculo</strong></span> <span class='ocrx_word' id='word_1_79' title='bbox 764 1392 896 1467; x_wconf 90' lang='lat' dir='ltr'><strong>scriptum</strong></span> <span class='ocrx_word' id='word_1_80' title='bbox 912 1409 973 1450; x_wconf 89' lang='lat' dir='ltr'><strong>esse</strong></span> <span class='ocrx_word' id='word_1_81' title='bbox 988 1392 1168 1466; x_wconf 79' lang='lat' dir='ltr'><strong>probabiliter</strong></span> <span class='ocrx_word' id='word_1_82' title='bbox 1184 1396 1303 1465; x_wconf 90' lang='lat' dir='ltr'><strong>coniecit</strong></span> 
     </span>
     <span class='ocr_line' id='line_1_12' title="bbox 375 1472 1370 1552; baseline -0.001 -21"><span class='ocrx_word' id='word_1_83' title='bbox 375 1472 598 1552; x_wconf 64' lang='lat' dir='ltr'><strong>Schentettud).</strong></span> <span class='ocrx_word' id='word_1_84' title='bbox 1366 1492 1370 1495; x_wconf 85' lang='grc'><em>·</em></span> 
     </span>
    </p>

    <p class='ocr_par' dir='ltr' id='par_1_5' title="bbox 372 1558 1394 1891">
     <span class='ocr_line' id='line_1_13' title="bbox 447 1558 1301 1637; baseline 0.002 -22"><span class='ocrx_word' id='word_1_85' title='bbox 447 1560 476 1615; x_wconf 89' lang='lat' dir='ltr'><strong>ln</strong></span> <span class='ocrx_word' id='word_1_86' title='bbox 497 1562 550 1618; x_wconf 91' lang='lat' dir='ltr'><strong>hoc</strong></span> <span class='ocrx_word' id='word_1_87' title='bbox 565 1563 683 1619; x_wconf 79' lang='lat' dir='ltr'><strong>carmine</strong></span> <span class='ocrx_word' id='word_1_88' title='bbox 700 1562 814 1637; x_wconf 84' lang='lat' dir='ltr'><strong>perinde</strong></span> <span class='ocrx_word' id='word_1_89' title='bbox 829 1568 913 1634; x_wconf 90' lang='lat' dir='ltr'><strong>atque</strong></span> <span class='ocrx_word' id='word_1_90' title='bbox 928 1563 959 1617; x_wconf 88' lang='lat' dir='ltr'><strong>in</strong></span> <span class='ocrx_word' id='word_1_91' title='bbox 975 1559 1023 1617; x_wconf 91' lang='lat' dir='ltr'><strong>illo</strong></span> <span class='ocrx_word' id='word_1_92' title='bbox 1039 1562 1182 1635; x_wconf 86' lang='lat' dir='ltr'><strong>superiore</strong></span> <span class='ocrx_word' id='word_1_93' title='bbox 1197 1558 1245 1636; x_wconf 87' lang='lat' dir='ltr'><strong>(rs.</strong></span> <span class='ocrx_word' id='word_1_94' title='bbox 1260 1560 1301 1617; x_wconf 85' lang='lat'><strong>45</strong></span> 
     </span>
     <span class='ocr_line' id='line_1_14' title="bbox 376 1642 1394 1722; baseline -0.002 -21"><span class='ocrx_word' id='word_1_95' title='bbox 376 1642 477 1722; x_wconf 82' lang='grc'><strong>-52)</strong></span> <span class='ocrx_word' id='word_1_96' title='bbox 497 1648 616 1721; x_wconf 89' lang='lat' dir='ltr'><strong>primum</strong></span> <span class='ocrx_word' id='word_1_97' title='bbox 631 1646 716 1702; x_wconf 78' lang='lat' dir='ltr'><strong>librae</strong></span> <span class='ocrx_word' id='word_1_98' title='bbox 732 1653 825 1720; x_wconf 89' lang='lat' dir='ltr'><strong>partes</strong></span> <span class='ocrx_word' id='word_1_99' title='bbox 841 1644 1025 1702; x_wconf 82' lang='lat' dir='ltr'><strong>duodenariae</strong></span> <span class='ocrx_word' id='word_1_100' title='bbox 1041 1652 1237 1701; x_wconf 82' lang='lat' dir='ltr'><strong>enumerantur</strong></span> <span class='ocrx_word' id='word_1_101' title='bbox 1253 1643 1302 1715; x_wconf 90' lang='lat' dir='ltr'><strong>(vs.</strong></span> <span class='ocrx_word' id='word_1_102' title='bbox 1393 1700 1394 1705; x_wconf 8' lang='grc' dir='ltr'>χ</span> 
     </span>
     <span class='ocr_line' id='line_1_15' title="bbox 376 1728 1302 1805; baseline -0.002 -20"><span class='ocrx_word' id='word_1_103' title='bbox 376 1728 493 1801; x_wconf 79' lang='grc'><strong>1-7),</strong></span> <span class='ocrx_word' id='word_1_104' title='bbox 515 1730 613 1805; x_wconf 88' lang='lat' dir='ltr'><strong>quibus</strong></span> <span class='ocrx_word' id='word_1_105' title='bbox 637 1730 745 1786; x_wconf 88' lang='lat' dir='ltr'><strong>additur</strong></span> <span class='ocrx_word' id='word_1_106' title='bbox 767 1730 908 1787; x_wconf 81' lang='lat' dir='ltr'><strong>sescuncia</strong></span> <span class='ocrx_word' id='word_1_107' title='bbox 930 1730 1068 1786; x_wconf 84' lang='lat' dir='ltr'><strong>unciolae</strong></span> <span class='ocrx_word' id='word_1_108' title='bbox 1088 1729 1213 1803; x_wconf 77' lang='lat' dir='ltr'><strong>medinm</strong></span> <span class='ocrx_word' id='word_1_109' title='bbox 1235 1733 1302 1785; x_wconf 86' lang='lat' dir='ltr'><strong>inn-</strong></span> 
     </span>
     <span class='ocr_line' id='line_1_16' title="bbox 372 1812 1117 1891; baseline -0.003 -20"><span class='ocrx_word' id='word_1_110' title='bbox 372 1830 468 1888; x_wconf 68' lang='grc'><strong>9000,</strong></span> <span class='ocrx_word' id='word_1_111' title='bbox 484 1813 511 1870; x_wconf 89' lang='lat' dir='ltr'><strong>b.</strong></span> <span class='ocrx_word' id='word_1_112' title='bbox 528 1831 552 1871; x_wconf 92' lang='lat' dir='ltr'><strong>e.</strong></span> <span class='ocrx_word' id='word_1_113' title='bbox 568 1816 766 1872; x_wconf 82' lang='grc'><strong>0100011111</strong></span> <span class='ocrx_word' id='word_1_114' title='bbox 784 1821 812 1871; x_wconf 92' lang='lat' dir='ltr'><strong>et</strong></span> <span class='ocrx_word' id='word_1_115' title='bbox 830 1812 940 1882; x_wconf 87' lang='lat' dir='ltr'><strong>dimidia</strong></span> <span class='ocrx_word' id='word_1_116' title='bbox 957 1816 1117 1891; x_wconf 85' lang='lat' dir='ltr'><strong>composita.</strong></span> 
     </span>
    </p>

    <p class='ocr_par' dir='ltr' id='par_1_6' title="bbox 375 1895 1302 2126">
     <span class='ocr_line' id='line_1_17' title="bbox 445 1895 1302 1974; baseline -0.001 -20"><span class='ocrx_word' id='word_1_117' title='bbox 445 1899 525 1955; x_wconf 84' lang='lat' dir='ltr'><strong>Tum·</strong></span> <span class='ocrx_word' id='word_1_118' title='bbox 539 1895 658 1974; x_wconf 86' lang='lat' dir='ltr'><strong>scriptor</strong></span> <span class='ocrx_word' id='word_1_119' title='bbox 679 1916 734 1955; x_wconf 89' lang='lat' dir='ltr'><strong>uon</strong></span> <span class='ocrx_word' id='word_1_120' title='bbox 755 1897 844 1956; x_wconf 88' lang='lat' dir='ltr'><strong>solum</strong></span> <span class='ocrx_word' id='word_1_121' title='bbox 870 1906 1066 1957; x_wconf 87' lang='lat' dir='ltr'><strong>commemorat</strong></span> <span class='ocrx_word' id='word_1_122' title='bbox 1090 1900 1184 1956; x_wconf 88' lang='lat' dir='ltr'><strong>unciae</strong></span> <span class='ocrx_word' id='word_1_123' title='bbox 1207 1900 1302 1955; x_wconf 83' lang='lat' dir='ltr'><strong>vicesi-</strong></span> 
     </span>
     <span class='ocr_line' id='line_1_18' title="bbox 375 1982 1301 2059; baseline -0.003 -19"><span class='ocrx_word' id='word_1_124' title='bbox 375 2000 450 2041; x_wconf 88' lang='lat' dir='ltr'><strong>mam</strong></span> <span class='ocrx_word' id='word_1_125' title='bbox 468 1991 594 2057; x_wconf 89' lang='lat' dir='ltr'><strong>quartam</strong></span> <span class='ocrx_word' id='word_1_126' title='bbox 608 1992 714 2057; x_wconf 89' lang='lat' dir='ltr'><strong>partem</strong></span> <span class='ocrx_word' id='word_1_127' title='bbox 730 1999 791 2040; x_wconf 88' lang='lat' dir='ltr'><strong>esse</strong></span> <span class='ocrx_word' id='word_1_128' title='bbox 807 1982 974 2059; x_wconf 90' lang='lat' dir='ltr'><strong>scripulum,</strong></span> <span class='ocrx_word' id='word_1_129' title='bbox 991 1984 1038 2040; x_wconf 89' lang='lat' dir='ltr'><strong>sed</strong></span> <span class='ocrx_word' id='word_1_130' title='bbox 1056 1983 1130 2041; x_wconf 90' lang='lat' dir='ltr'><strong>addit</strong></span> <span class='ocrx_word' id='word_1_131' title='bbox 1144 1985 1225 2041; x_wconf 90' lang='lat' dir='ltr'><strong>etiam</strong></span> <span class='ocrx_word' id='word_1_132' title='bbox 1243 1982 1301 2057; x_wconf 90' lang='lat' dir='ltr'><strong>ple·</strong></span> 
     </span>
     <span class='ocr_line' id='line_1_19' title="bbox 375 2068 829 2126; baseline -0.004 -1"><span class='ocrx_word' id='word_1_133' title='bbox 375 2086 442 2125; x_wconf 87' lang='lat' dir='ltr'><strong>nam</strong></span> <span class='ocrx_word' id='word_1_134' title='bbox 458 2071 555 2126; x_wconf 86' lang='lat' dir='ltr'><strong>unciae</strong></span> <span class='ocrx_word' id='word_1_135' title='bbox 570 2068 730 2125; x_wconf 90' lang='lat' dir='ltr'><strong>divisionem</strong></span> <span class='ocrx_word' id='word_1_136' title='bbox 746 2069 829 2125; x_wconf 89' lang='lat' dir='ltr'><strong>hanc:</strong></span> 
     </span>
    </p>

    <p class='ocr_par' dir='ltr' id='par_1_7' title="bbox 424 2148 1023 2228">
     <span class='ocr_line' id='line_1_20' title="bbox 424 2148 1023 2228; baseline 0.002 -19"><span class='ocrx_word' id='word_1_137' title='bbox 424 2170 488 2227; x_wconf 88' lang='lat' dir='ltr'><strong>pars</strong></span> <span class='ocrx_word' id='word_1_138' title='bbox 505 2151 613 2210; x_wconf 86' lang='lat' dir='ltr'><strong>dimidia</strong></span> <span class='ocrx_word' id='word_1_139' title='bbox 628 2160 773 2210; x_wconf 90' lang='lat' dir='ltr'><strong>est·statcr</strong></span> <span class='ocrx_word' id='word_1_140' title='bbox 788 2154 843 2210; x_wconf 86' lang='lat' dir='ltr'><strong>sive</strong></span> <span class='ocrx_word' id='word_1_141' title='bbox 858 2154 996 2211; x_wconf 89' lang='lat' dir='ltr'><strong>semuncia</strong></span> <span class='ocrx_word' id='word_1_142' title='bbox 1003 2148 1023 2228; x_wconf 72' lang='grc'><strong>2)</strong></span> 
     </span>
    </p>

    <p class='ocr_par' dir='ltr' id='par_1_8' title="bbox 422 2233 1164 2310">
     <span class='ocr_line' id='line_1_21' title="bbox 422 2233 1164 2310; baseline 0.001 -17"><span class='ocrx_word' id='word_1_143' title='bbox 422 2269 466 2278; x_wconf 98' lang='lat'>—</span> <span class='ocrx_word' id='word_1_144' title='bbox 510 2240 591 2294; x_wconf 91' lang='lat' dir='ltr'><strong>tertia</strong></span> <span class='ocrx_word' id='word_1_145' title='bbox 623 2267 660 2277; x_wconf 90' lang='lat'><em>—</em></span> <span class='ocrx_word' id='word_1_146' title='bbox 685 2238 754 2295; x_wconf 90' lang='lat' dir='ltr'><strong>duae</strong></span> <span class='ocrx_word' id='word_1_147' title='bbox 770 2238 893 2295; x_wconf 83' lang='lat' dir='ltr'><strong>sextulae</strong></span> <span class='ocrx_word' id='word_1_148' title='bbox 912 2233 1101 2310; x_wconf 82' lang='lat' dir='ltr'><strong>sivcduella³)</strong></span> <span class='ocrx_word' id='word_1_149' title='bbox 1147 2258 1164 2268; x_wconf 53' lang='lat'><strong>=·</strong></span> 
     </span>
    </p>

    <p class='ocr_par' dir='ltr' id='par_1_9' title="bbox 321 2317 1161 2396">
     <span class='ocr_line' id='line_1_22' title="bbox 321 2317 1161 2396; baseline 0 -18"><span class='ocrx_word' id='word_1_150' title='bbox 321 2359 331 2368; x_wconf 52' lang='grc' dir='ltr'><em>ι</em></span> <span class='ocrx_word' id='word_1_151' title='bbox 421 2353 466 2364; x_wconf 91' lang='grc'><strong>-</strong></span> <span class='ocrx_word' id='word_1_152' title='bbox 511 2330 608 2396; x_wconf 88' lang='lat' dir='ltr'><strong>quarta</strong></span> <span class='ocrx_word' id='word_1_153' title='bbox 623 2351 665 2369; x_wconf 81' lang='lat'><em>-</em></span> <span class='ocrx_word' id='word_1_154' title='bbox 689 2323 772 2379; x_wconf 91' lang='lat' dir='ltr'><strong>siclus</strong></span> <span class='ocrx_word' id='word_1_155' title='bbox 788 2325 844 2378; x_wconf 92' lang='lat' dir='ltr'><strong>sive</strong></span> <span class='ocrx_word' id='word_1_156' title='bbox 859 2323 979 2380; x_wconf 91' lang='lat' dir='ltr'><strong>sicilicus</strong></span> <span class='ocrx_word' id='word_1_157' title='bbox 997 2325 1052 2379; x_wconf 84' lang='lat' dir='ltr'><strong>sive</strong></span> <span class='ocrx_word' id='word_1_158' title='bbox 1068 2317 1161 2396; x_wconf 83' lang='lat' dir='ltr'><strong>sicel⁴)</strong></span> 
     </span>
    </p>

    <p class='ocr_par' dir='ltr' id='par_1_10' title="bbox 422 2407 964 2464">
     <span class='ocr_line' id='line_1_23' title="bbox 422 2407 964 2464; baseline -0.004 0"><span class='ocrx_word' id='word_1_159' title='bbox 422 2439 465 2449; x_wconf 92' lang='lat'><em>-</em></span> <span class='ocrx_word' id='word_1_160' title='bbox 510 2416 585 2464; x_wconf 84' lang='lat' dir='ltr'><strong>sexta</strong></span> <span class='ocrx_word' id='word_1_161' title='bbox 623 2437 662 2447; x_wconf 94' lang='lat'>-</span> <span class='ocrx_word' id='word_1_162' title='bbox 685 2407 790 2464; x_wconf 82' lang='lat' dir='ltr'><strong>sertula</strong></span> <span class='ocrx_word' id='word_1_163' title='bbox 805 2409 861 2462; x_wconf 90' lang='lat' dir='ltr'><strong>sive</strong></span> <span class='ocrx_word' id='word_1_164' title='bbox 876 2407 964 2463; x_wconf 87' lang='lat' dir='ltr'><strong>sescla</strong></span> 
     </span>
    </p>

    <p class='ocr_par' dir='ltr' id='par_1_11' title="bbox 420 2491 941 2564">
     <span class='ocr_line' id='line_1_24' title="bbox 420 2491 941 2564; baseline -0.008 -15"><span class='ocrx_word' id='word_1_165' title='bbox 420 2522 464 2536; x_wconf 91' lang='grc'><strong>--</strong></span> <span class='ocrx_word' id='word_1_166' title='bbox 509 2501 602 2550; x_wconf 80' lang='lat' dir='ltr'><strong>octava</strong></span> <span class='ocrx_word' id='word_1_167' title='bbox 619 2520 663 2531; x_wconf 82' lang='lat'><strong>-·</strong></span> <span class='ocrx_word' id='word_1_168' title='bbox 684 2492 795 2564; x_wconf 79' lang='lat' dir='ltr'><strong>dragma</strong></span> <span class='ocrx_word' id='word_1_169' title='bbox 810 2493 866 2547; x_wconf 85' lang='lat' dir='ltr'><strong>sive</strong></span> <span class='ocrx_word' id='word_1_170' title='bbox 881 2491 941 2547; x_wconf 91' lang='lat' dir='ltr'><strong>olcc</strong></span> 
     </span>
    </p>

    <p class='ocr_par' dir='ltr' id='par_1_12' title="bbox 420 2568 1010 2643">
     <span class='ocr_line' id='line_1_25' title="bbox 420 2568 1010 2643; baseline -0.005 -10"><span class='ocrx_word' id='word_1_171' title='bbox 420 2608 464 2619; x_wconf 92' lang='lat'><em>-</em></span> <span class='ocrx_word' id='word_1_172' title='bbox 507 2577 674 2633; x_wconf 91' lang='lat' dir='ltr'><strong>duodenaria</strong></span> <span class='ocrx_word' id='word_1_173' title='bbox 692 2584 736 2632; x_wconf 91' lang='lat' dir='ltr'><strong>est</strong></span> <span class='ocrx_word' id='word_1_174' title='bbox 751 2575 861 2631; x_wconf 87' lang='lat' dir='ltr'><strong>dimidia</strong></span> <span class='ocrx_word' id='word_1_175' title='bbox 876 2568 1010 2643; x_wconf 76' lang='lat' dir='ltr'><strong>sextula⁵)</strong></span> 
     </span>
    </p>

    <p class='ocr_par' dir='ltr' id='par_1_13' title="bbox 376 2656 1180 2822">
     <span class='ocr_line' id='line_1_26' title="bbox 419 2656 1180 2735; baseline -0.005 -20"><span class='ocrx_word' id='word_1_176' title='bbox 419 2692 471 2727; x_wconf 55' lang='lat'><strong>—¹</strong></span> <span class='ocrx_word' id='word_1_177' title='bbox 507 2662 638 2734; x_wconf 83' lang='lat' dir='ltr'><strong>vigesima</strong></span> <span class='ocrx_word' id='word_1_178' title='bbox 654 2668 752 2735; x_wconf 88' lang='lat' dir='ltr'><strong>quarta</strong></span> <span class='ocrx_word' id='word_1_179' title='bbox 766 2667 809 2717; x_wconf 91' lang='lat' dir='ltr'><strong>est</strong></span> <span class='ocrx_word' id='word_1_180' title='bbox 824 2656 963 2732; x_wconf 90' lang='lat' dir='ltr'><strong>scripulus</strong></span> <span class='ocrx_word' id='word_1_181' title='bbox 980 2658 1035 2714; x_wconf 86' lang='lat' dir='ltr'><strong>sive</strong></span> <span class='ocrx_word' id='word_1_182' title='bbox 1051 2671 1180 2729; x_wconf 79' lang='lat' dir='ltr'><strong>gramma.</strong></span> 
     </span>
     <span class='ocr_line' id='line_1_27' title="bbox 376 2745 972 2822; baseline -0.007 -19"><span class='ocrx_word' id='word_1_183' title='bbox 376 2748 500 2822; x_wconf 85' lang='lat' dir='ltr'><strong>benique</strong></span> <span class='ocrx_word' id='word_1_184' title='bbox 514 2745 629 2819; x_wconf 89' lang='lat' dir='ltr'><strong>scripuli</strong></span> <span class='ocrx_word' id='word_1_185' title='bbox 644 2752 737 2819; x_wconf 91' lang='lat' dir='ltr'><strong>partes</strong></span> <span class='ocrx_word' id='word_1_186' title='bbox 751 2746 802 2801; x_wconf 90' lang='lat' dir='ltr'><strong>hae</strong></span> <span class='ocrx_word' id='word_1_187' title='bbox 816 2751 972 2818; x_wconf 85' lang='lat' dir='ltr'><strong>ponuntur:</strong></span> 
     </span>
    </p>

    <p class='ocr_par' dir='ltr' id='par_1_14' title="bbox 533 2823 855 3076">
     <span class='ocr_line' id='line_1_28' title="bbox 533 2823 849 2904; baseline -0.003 -18"><span class='ocrx_word' id='word_1_188' title='bbox 533 2830 642 2886; x_wconf 88' lang='lat' dir='ltr'><strong>dimidia</strong></span> <span class='ocrx_word' id='word_1_189' title='bbox 659 2837 701 2885; x_wconf 93' lang='lat' dir='ltr'><strong>est</strong></span> <span class='ocrx_word' id='word_1_190' title='bbox 725 2823 849 2904; x_wconf 79' lang='lat' dir='ltr'><strong>obolus⁸)</strong></span> 
     </span>
     <span class='ocr_line' id='line_1_29' title="bbox 533 2908 855 2988; baseline 0 -19"><span class='ocrx_word' id='word_1_191' title='bbox 533 2923 630 2988; x_wconf 89' lang='lat' dir='ltr'><strong>quarta</strong></span> <span class='ocrx_word' id='word_1_192' title='bbox 664 2943 700 2954; x_wconf 88' lang='lat'>—</span> <span class='ocrx_word' id='word_1_193' title='bbox 724 2908 855 2987; x_wconf 84' lang='lat' dir='ltr'><strong>cerates⁷)</strong></span> 
     </span>
     <span class='ocr_line' id='line_1_30' title="bbox 533 2997 824 3076; baseline -0.007 -20"><span class='ocrx_word' id='word_1_194' title='bbox 533 3008 608 3056; x_wconf 80' lang='lat' dir='ltr'><strong>sexta</strong></span> <span class='ocrx_word' id='word_1_195' title='bbox 664 2997 824 3076; x_wconf 89' lang='lat' dir='ltr'><strong>-siliqua</strong></span> 
     </span>
    </p>

    <p class='ocr_par' dir='ltr' id='par_1_15' title="bbox 378 3207 1376 3415">
     <span class='ocr_line' id='line_1_31' title="bbox 447 3207 1376 3279; baseline -0.01 -12"><span class='ocrx_word' id='word_1_196' title='bbox 447 3214 474 3279; x_wconf 92' lang='lat'><strong>1)</strong></span> <span class='ocrx_word' id='word_1_197' title='bbox 492 3215 524 3265; x_wconf 95' lang='lat' dir='ltr'><strong>P.</strong></span> <span class='ocrx_word' id='word_1_198' title='bbox 543 3214 658 3266; x_wconf 78' lang='grc'><strong>5801111.</strong></span> <span class='ocrx_word' id='word_1_199' title='bbox 679 3211 870 3264; x_wconf 83' lang='lat' dir='ltr'><strong>commentarii</strong></span> <span class='ocrx_word' id='word_1_200' title='bbox 888 3225 972 3276; x_wconf 80' lang='lat' dir='ltr'><strong>supro</strong></span> <span class='ocrx_word' id='word_1_201' title='bbox 990 3227 1016 3276; x_wconf 89' lang='lat' dir='ltr'><strong>p.</strong></span> <span class='ocrx_word' id='word_1_202' title='bbox 1036 3211 1069 3259; x_wconf 80' lang='grc'><strong>16</strong></span> <span class='ocrx_word' id='word_1_203' title='bbox 1088 3207 1151 3260; x_wconf 84' lang='lat' dir='ltr'><strong>adn.</strong></span> <span class='ocrx_word' id='word_1_204' title='bbox 1171 3211 1186 3258; x_wconf 80' lang='lat'><strong>2</strong></span> <span class='ocrx_word' id='word_1_205' title='bbox 1210 3208 1298 3260; x_wconf 84' lang='grc'><strong>011011.</strong></span> <span class='ocrx_word' id='word_1_206' title='bbox 1374 3270 1376 3274; x_wconf 28' lang='grc' dir='ltr'>Ι</span> 
     </span>
     <span class='ocr_line' id='line_1_32' title="bbox 378 3274 1298 3350; baseline -0.011 -15"><span class='ocrx_word' id='word_1_207' title='bbox 378 3283 439 3335; x_wconf 79' lang='lat' dir='ltr'><strong>Non</strong></span> <span class='ocrx_word' id='word_1_208' title='bbox 467 3285 543 3348; x_wconf 78' lang='lat' dir='ltr'><strong>post</strong></span> <span class='ocrx_word' id='word_1_209' title='bbox 560 3286 666 3332; x_wconf 85' lang='lat' dir='ltr'><strong>sextum</strong></span> <span class='ocrx_word' id='word_1_210' title='bbox 690 3278 832 3350; x_wconf 83' lang='lat' dir='ltr'><strong>saeculum</strong></span> <span class='ocrx_word' id='word_1_211' title='bbox 856 3293 968 3329; x_wconf 83' lang='lat' dir='ltr'><strong>carmen</strong></span> <span class='ocrx_word' id='word_1_212' title='bbox 991 3277 1124 3342; x_wconf 82' lang='lat' dir='ltr'><strong>scriptum</strong></span> <span class='ocrx_word' id='word_1_213' title='bbox 1148 3291 1209 3346; x_wconf 78' lang='lat' dir='ltr'><strong>esse</strong></span> <span class='ocrx_word' id='word_1_214' title='bbox 1234 3274 1298 3326; x_wconf 88' lang='lat' dir='ltr'><strong>inde</strong></span> 
     </span>
     <span class='ocr_line' id='line_1_33' title="bbox 380 3348 1096 3415; baseline -0.01 -14"><span class='ocrx_word' id='word_1_215' title='bbox 380 3351 515 3413; x_wconf 78' lang='lat' dir='ltr'><strong>efficitur,</strong></span> <span class='ocrx_word' id='word_1_216' title='bbox 534 3350 605 3415; x_wconf 88' lang='lat' dir='ltr'><strong>quod</strong></span> <span class='ocrx_word' id='word_1_217' title='bbox 624 3365 656 3400; x_wconf 92' lang='grc'><strong>00</strong></span> <span class='ocrx_word' id='word_1_218' title='bbox 673 3348 796 3400; x_wconf 88' lang='lat' dir='ltr'><strong>Isidorus</strong></span> <span class='ocrx_word' id='word_1_219' title='bbox 814 3361 879 3398; x_wconf 87' lang='lat' dir='ltr'><strong>usus</strong></span> <span class='ocrx_word' id='word_1_220' title='bbox 898 3350 949 3396; x_wconf 90' lang='lat' dir='ltr'><strong>est.</strong></span> <span class='ocrx_word' id='word_1_221' title='bbox 1094 3349 1096 3354; x_wconf 90' lang='lat'>&#39;</span> 
     </span>
    </p>

    <p class='ocr_par' dir='ltr' id='par_1_16' title="bbox 447 3416 803 3482">
     <span class='ocr_line' id='line_1_34' title="bbox 447 3416 803 3482; baseline -0.014 -12"><span class='ocrx_word' id='word_1_222' title='bbox 447 3419 474 3482; x_wconf 79' lang='lat'><strong>2)</strong></span> <span class='ocrx_word' id='word_1_223' title='bbox 492 3419 525 3469; x_wconf 89' lang='lat' dir='ltr'><strong>V.</strong></span> <span class='ocrx_word' id='word_1_224' title='bbox 544 3417 612 3468; x_wconf 84' lang='lat' dir='ltr'><strong>Isid.</strong></span> <span class='ocrx_word' id='word_1_225' title='bbox 632 3417 666 3468; x_wconf 84' lang='lat' dir='ltr'><strong>ir.</strong></span> <span class='ocrx_word' id='word_1_226' title='bbox 685 3417 744 3480; x_wconf 80' lang='lat'><strong>125,</strong></span> <span class='ocrx_word' id='word_1_227' title='bbox 763 3416 803 3465; x_wconf 90' lang='grc'><strong>16.</strong></span> 
     </span>
    </p>

    <p class='ocr_par' dir='ltr' id='par_1_17' title="bbox 446 3485 624 3550">
     <span class='ocr_line' id='line_1_35' title="bbox 446 3485 624 3550; baseline 0 -12"><span class='ocrx_word' id='word_1_228' title='bbox 446 3485 563 3550; x_wconf 78' lang='grc'><strong>011111.</strong></span> <span class='ocrx_word' id='word_1_229' title='bbox 583 3486 624 3538; x_wconf 84' lang='grc'><strong>11.</strong></span> 
     </span>
    </p>

    <p class='ocr_par' dir='ltr' id='par_1_18' title="bbox 445 3553 623 3616">
     <span class='ocr_line' id='line_1_36' title="bbox 445 3553 623 3616; baseline -0.011 -12"><span class='ocrx_word' id='word_1_230' title='bbox 445 3553 474 3616; x_wconf 80' lang='grc'><strong>4)</strong></span> <span class='ocrx_word' id='word_1_231' title='bbox 491 3553 562 3605; x_wconf 85' lang='lat' dir='ltr'><strong>Ibid.</strong></span> <span class='ocrx_word' id='word_1_232' title='bbox 583 3553 623 3602; x_wconf 89' lang='lat'><strong>18.</strong></span> 
     </span>
    </p>

    <p class='ocr_par' dir='ltr' id='par_1_19' title="bbox 446 3614 1177 3685">
     <span class='ocr_line' id='line_1_37' title="bbox 446 3614 1177 3685; baseline -0.014 -12"><span class='ocrx_word' id='word_1_233' title='bbox 446 3621 474 3685; x_wconf 75' lang='lat'><strong>5)</strong></span> <span class='ocrx_word' id='word_1_234' title='bbox 491 3621 524 3673; x_wconf 89' lang='lat' dir='ltr'><strong>V.</strong></span> <span class='ocrx_word' id='word_1_235' title='bbox 542 3619 746 3672; x_wconf 70' lang='grc'><strong>1010011100.</strong></span> <span class='ocrx_word' id='word_1_236' title='bbox 766 3618 782 3680; x_wconf 66' lang='grc' dir='ltr'><strong>ἕ</strong></span> <span class='ocrx_word' id='word_1_237' title='bbox 799 3619 831 3670; x_wconf 85' lang='grc'><strong>31</strong></span> <span class='ocrx_word' id='word_1_238' title='bbox 852 3621 880 3668; x_wconf 87' lang='grc'><strong>01</strong></span> <span class='ocrx_word' id='word_1_239' title='bbox 898 3629 981 3682; x_wconf 77' lang='lat' dir='ltr'><strong>supra</strong></span> <span class='ocrx_word' id='word_1_240' title='bbox 999 3614 1067 3682; x_wconf 93' lang='lat' dir='ltr'><strong>prol.</strong></span> <span class='ocrx_word' id='word_1_241' title='bbox 1086 3614 1101 3676; x_wconf 67' lang='grc' dir='ltr'><strong>ἕ</strong></span> <span class='ocrx_word' id='word_1_242' title='bbox 1120 3615 1177 3664; x_wconf 77' lang='lat' dir='ltr'><strong>tto.</strong></span> 
     </span>
    </p>
   </div>
   <div class='ocr_carea' id='block_1_5' title="bbox 446 3687 783 3819">
    <p class='ocr_par' dir='ltr' id='par_1_20' title="bbox 446 3687 783 3819">
     <span class='ocr_line' id='line_1_38' title="bbox 446 3687 783 3754; baseline -0.012 -16"><span class='ocrx_word' id='word_1_243' title='bbox 446 3687 590 3754; x_wconf 80' lang='grc'><strong>6)]011101.</strong></span> <span class='ocrx_word' id='word_1_244' title='bbox 609 3687 645 3738; x_wconf 83' lang='lat' dir='ltr'><strong>fr.</strong></span> <span class='ocrx_word' id='word_1_245' title='bbox 664 3689 722 3750; x_wconf 75' lang='lat'>125,</span> <span class='ocrx_word' id='word_1_246' title='bbox 743 3688 783 3736; x_wconf 90' lang='grc'><strong>11.</strong></span> 
     </span>
     <span class='ocr_line' id='line_1_39' title="bbox 447 3756 625 3819; baseline -0.011 -13"><span class='ocrx_word' id='word_1_247' title='bbox 447 3757 473 3819; x_wconf 85' lang='grc'><strong>7)</strong></span> <span class='ocrx_word' id='word_1_248' title='bbox 492 3756 563 3809; x_wconf 87' lang='lat' dir='ltr'><strong>lbid.</strong></span> <span class='ocrx_word' id='word_1_249' title='bbox 583 3756 625 3805; x_wconf 90' lang='lat' dir='ltr'><strong>to.</strong></span> 
     </span>
    </p>
   </div>
   <div class='ocr_carea' id='block_1_6' title="bbox 0 0 1772 4400">
    <p class='ocr_par' dir='ltr' id='par_1_21' title="bbox 0 0 1772 4400">
     <span class='ocr_line' id='line_1_40' title="bbox 0 0 1772 4400; baseline 0 0"><span class='ocrx_word' id='word_1_250' title='bbox 0 0 1772 4400; x_wconf 95' lang='lat' dir='ltr'><strong> </strong></span> 
     </span>
    </p>
   </div>
  </div>
 </body>
</html>
