3534 4400
620 377 822 421 scarrrouro
841 379 1002 424 nouenos.
1179 412 1180 415 ,
1227 362 1270 427 29

358 530 413 571 rum
428 530 570 571 mensuras
585 515 742 589 promiscue
759 524 843 589 ponat
858 524 886 573 et
900 518 1004 575 Atticas
1021 519 1111 575 statim
1128 520 1269 595 adiungat,

357 600 515 656 medimnum
531 606 558 655 et
575 599 742 656 choenicem.
771 597 844 666 Quae
864 603 916 658 etsi
932 602 991 658 siue
1008 603 1102 659 ordine
1117 606 1269 678 composita

355 692 429 754 suut,
454 690 543 740 tamen
566 684 677 740 omniuo
694 690 804 740 mutuae
820 685 917 742 harum
938 702 1127 745 mensurarum
1149 691 1268 747 rationes

356 777 426 825 reete
441 767 596 824 traduntur.
622 766 765 825 llilsrcilior
779 777 822 825 est
838 770 916 827 locus
931 770 964 827 de
979 772 1110 829 choenice
1125 780 1152 828 et
1167 776 1266 845 congio

354 851 403 924 (vs.
412 852 450 910 69
462 851 506 923 s).
535 852 587 909 Sed
598 860 662 926 post
673 851 754 909 verba
768 856 877 926 cotylae
891 884 928 895 -
941 859 1049 927 recipit
1060 859 1190 930 pominus
1201 870 1267 912 sec·
1293 878 1295 885 t

355 942 447 995 torius
467 953 543 993 onos
564 943 678 1011 apparet
699 953 762 993 cum
781 937 943 997 Endlichero
965 940 1110 1015 legendum
1128 956 1189 997 esse
1204 946 1268 1014 quis

354 1019 382 1092 (i.
394 1038 417 1077 e.
431 1018 538 1096 quibus)
553 1029 657 1094 quater
673 1022 849 1093 adsumpti‘e3
863 1040 924 1080 nam
940 1032 1072 1097 quattuor
1086 1025 1193 1099 cotylae
1211 1028 1267 1083 sive

354 1105 405 1162 duo
423 1106 532 1161 sextarii
553 1105 709 1181 choenicem
734 1105 865 1164 efficiunt.
898 1109 965 1165 Turn
979 1117 1071 1184 poeta,
1087 1110 1165 1166 adde
1184 1110 1266 1181 duos,

354 1189 455 1264 iuquit,
478 1188 606 1245 nimirum
625 1190 769 1248 choenices
793 1190 857 1265 (qua
877 1209 944 1250 voce
966 1193 1116 1253 masculina
1129 1211 1205 1252 usus
1226 1203 1267 1251 est

353 1274 459 1347 perinde
481 1290 513 1331 ac
533 1272 629 1330 Graeci
656 1276 715 1330 eius
738 1277 848 1349 generis
873 1277 1053 1351 scriptores);
1083 1295 1144 1335 nam
1171 1280 1195 1335 si
1220 1280 1267 1335 uni

353 1357 471 1415 clroeuici
488 1359 558 1415 duae
575 1366 717 1432 praeterea
732 1358 879 1431 adduntur,
896 1359 926 1417 fit
941 1364 1057 1436 congius
1073 1378 1120 1419 ser
1134 1365 1267 1421 scutario·

353 1459 411 1499 rum
425 1441 510 1514 (conl.
525 1441 613 1517 prael.
624 1442 707 1515 crit).

412 1527 533 1583 llinimas
555 1542 712 1599 mensuras,
737 1536 768 1585 ut
791 1529 819 1584 in
846 1529 955 1587 Graecis
977 1529 1080 1587 tabulis
1102 1530 1160 1587 lieri
1185 1531 1266 1603 solet,

353 1610 469 1683 pondere
484 1611 578 1685 exigit.
614 1611 716 1685 Cyatho
732 1612 830 1668 tribuit
843 1612 984 1669 drachmas
1001 1613 1112 1683 decem,
1134 1630 1203 1687 quae
1225 1632 1267 1670 ra-

354 1694 389 1751 tio
399 1696 527 1751 convenit
542 1693 604 1751 dum
618 1697 801 1751 vetustissima
818 1695 910 1752 tabula
923 1695 1075 1753 medicinali
1089 1688 1126 1771 (p.
1136 1696 1207 1768 208,
1216 1696 1267 1769 27)

352 1777 474 1852 aliisque.
504 1778 585 1835 Addit
601 1771 774 1855 oxy'baphum
792 1780 948 1853 quindecim
969 1780 1175 1852 drachmarum,
1196 1782 1266 1838 unde

352 1860 466 1920 efficitur
482 1863 509 1920 id
524 1879 540 1918 a
555 1865 691 1938 scriptore
706 1867 802 1939 quarta
818 1864 943 1921 heminae
956 1871 1035 1939 parte
1051 1865 1187 1922 aestimari
1203 1883 1267 1923 con·

352 1947 486 2010 venienter
506 1947 540 2003 ad
559 1940 699 2023 vulgarem
720 1966 809 2005 usum.
854 1948 920 2004 Tum
940 1947 1035 2005 delinit
1053 1948 1172 2023 reliquas
1192 1966 1267 2005 men·

353 2048 444 2104 suras,
459 2040 611 2107 mpstrum‚
626 2032 749 2102 chemen,
765 2032 883 2103 coclear,
900 2050 1015 2107 quarum
1034 2051 1084 2091 nos
1102 2034 1171 2093 hunc
1189 2034 1266 2090 tabu·

352 2112 399 2173 lam
415 2133 430 2173 a
447 2117 567 2173 sextario
585 2117 642 2174 orsi
658 2133 858 2192 proponamus:
1213 2114 1214 2117 ’

502 2239 636 2293 sextarius
699 2236 715 2292 1

435 2341 445 2346 ·
501 2309 610 2377 hemina
696 2318 715 2374 2
779 2320 798 2376 1

502 2403 715 2479 oxybaphumss
780 2402 801 2459 4
867 2404 883 2460 1

501 2488 638 2563 cyathus
674 2487 713 2544 12
779 2488 797 2545 6
866 2483 907 2564 1)
951 2488 967 2544 1

501 2581 635 2649 mystrum
671 2571 711 2630 48
757 2571 802 2633 24
839 2573 882 2635 ,6
949 2570 969 2626 4
1016 2572 1031 2628 1

502 2660 596 2714 cheme
651 2655 713 2714 144
757 2655 796 2713 72
843 2655 881 2713 18
928 2653 967 2711 12
1012 2655 1031 2713 3
1078 2656 1093 2712 1

502 2742 611 2799 coclear
648 2739 797 2799 288144
840 2739 880 2798 36
927 2737 967 2795 24
1013 2739 1031 2798 6
1076 2739 1105 2795 2.

413 2875 608 2950 comparemus
625 2893 687 2934 cnm
705 2877 756 2934 hac
774 2874 863 2932 tabula
878 2875 994 2934 Graecas
1016 2875 1076 2932 illas
1095 2893 1164 2950 quae
1184 2893 1267 2951 supra

357 2963 519 3035 perscriptae
537 2970 601 3018 sunt
619 2960 685 3035 (vol.
700 2960 753 3037 lp.
772 2960 822 3017 91.
839 2961 888 3018 99.
905 2960 976 3018 127.
994 2960 1064 3019 130.
1085 2960 1171 3033 139);
1196 2960 1267 3017 vide·

359 3057 411 3100 mus
424 3063 437 3101 a
452 3047 543 3120 primo
564 3041 698 3103 Galeueae
719 3039 890 3103 collectionis
915 3048 1049 3120 scriptore
1066 3044 1103 3119 (p.
1123 3043 1174 3115 91)
1195 3052 1222 3100 et
1239 3046 1267 3100 in

359 3123 787 3207 Cleopatrauatabula(p.1127)
809 3127 980 3204 oxybuplrum
1001 3129 1115 3204 perinde
1137 3135 1219 3202 atque
1240 3131 1266 3184 iu

360 3206 403 3267 hac
422 3210 514 3271 tabula
533 3222 657 3289 quartam
679 3215 802 3271 heminae
822 3222 927 3287 partem
951 3213 1019 3284 dici,
1047 3213 1151 3286 reliqua
1177 3220 1266 3270 autem

361 3297 442 3353 omnia
462 3298 570 3356 diversa
590 3315 659 3356 esse.
690 3299 791 3355 Contra
812 3306 868 3354 tres
891 3298 1013 3374 reliquae
1035 3296 1142 3355 tabulae
1163 3295 1200 3372 (p.
1217 3297 1266 3354 99.

362 3376 423 3436 130.
440 3381 528 3455 139),
550 3400 619 3457 quae
635 3385 710 3459 ipsae
725 3385 797 3440 inter
816 3398 845 3438 se
866 3391 1039 3457 congruunt,
1061 3381 1094 3440 ali
1109 3381 1159 3440 hac
1176 3381 1267 3439 tabula

362 3457 507 3541 discrepant
525 3467 552 3524 in
568 3462 703 3542 oxybaplri
717 3466 887 3536 definitione,
904 3467 950 3523 sed
967 3461 1143 3524 consentiunt
1161 3466 1193 3523 de
1210 3483 1267 3540 ruy-

363 3549 428 3611 8[Νη
450 3565 482 3608 ac
502 3568 565 3608 vero
586 3553 773 3609 consentirent
795 3554 876 3608 etiam
902 3551 934 3608 de
956 3549 1092 3622 cocleari,
1112 3550 1165 3607 nisi
1186 3559 1268 3626 poeta

363 3625 465 3688 elumen
481 3637 551 3692 iuter
565 3645 697 3711 mpstrum
713 3645 740 3694 et
756 3636 862 3693 coclear
878 3636 1097 3712 interposuisset.
1125 3634 1201 3702 Quod
1214 3651 1267 3708 qua

365 3707 392 3764 lle
410 3730 486 3776 causa
505 3720 615 3794 lecerit,
637 3723 697 3796 ipse
713 3721 829 3779 dilucide
845 3718 972 3796 exponit:
991 3720 1078 3777 voluit
1095 3720 1165 3775 euim
1182 3726 1268 3776 serta·
