3534 4400
512 356 573 418 124
797 377 894 419 vaura
914 375 1115 418 rnedunurn.
1362 354 1435 437 [129]

511 510 616 587 digitos
631 508 692 569 Xll.
730 508 872 588 pedibus:
896 527 948 586 pes
970 507 1084 585 palmos
1099 506 1160 567 illl.
1199 506 1335 569 cubitis:
1361 507 1436 568 eubi-

511 621 558 669 tus
575 610 682 689 pedem
707 612 806 669 semis.
841 608 997 687 gradibus:
1020 608 1130 686 gradus
1152 608 1244 669 babet
1269 608 1371 687 pedes
1385 608 1435 669 tte.

511 710 662 791 passibus:
686 729 790 789 passus
805 710 895 769 habet
908 709 1001 787 pedes
1016 711 1049 769 V.
1083 709 1299 787 decempedis:
1324 709 1438 769 decem·

512 812 586 889 peda
602 812 694 890 pedes
709 811 744 871 X.
785 810 915 870 actibus:
939 820 1022 870 actus
1036 808 1126 869 babet
1139 811 1232 887 pedes
1250 809 1347 869 CXX.
1362 803 1365 807 ⁴
1386 817 1436 867 sta·

479 912 582 972 odiis:
606 912 731 972 stadium
755 909 845 970 habet
866 911 959 988 pedes
980 909 1116 971 DCXXV.
1161 910 1321 971 miliariis:
1350 908 1436 970 milia·

512 1015 589 1076 rium
612 1011 702 1071 babet
724 1030 753 1088 p⁴
774 997 811 1069 V.

576 1110 605 1171 2.
629 1112 685 1172 Pes
707 1119 873 1188 prostratus
895 1113 937 1171 sio
959 1110 1180 1171 observabitur:
1205 1112 1295 1172 ducis
1312 1111 1436 1187 iongitu-

513 1212 611 1272 dinem
635 1231 689 1292 per
713 1211 912 1271 latitudinem:
936 1214 1007 1272 iacit
1029 1212 1188 1272 embadon.

576 1311 605 1373 3.
630 1314 685 1372 Pes
714 1312 872 1390 quadratu*
899 1314 940 1371 sio
963 1312 1185 1373 observabitur:
1214 1313 1435 1392 longitudinem

464 1425 495 1474 10
514 1431 568 1491 per
589 1412 772 1475 latitudinem
797 1416 961 1482 metiemur,
986 1413 1092 1474 deinde
1114 1432 1169 1492 per
1192 1414 1433 1479 crassitudinem,

516 1516 609 1575 etsie
632 1515 720 1574 efficit
743 1516 833 1591 pedes
849 1513 973 1574 solidos.

576 1612 605 1675 4.
630 1616 686 1675 Pes
708 1616 869 1693 quadratus
892 1632 1037 1674 concavus
1060 1616 1139 1693 capit
1161 1616 1311 1675 amsoram
1336 1616 1434 1674 trimo·
1495 1679 1496 1688 χ

513 1700 600 1760 diam.

576 1798 606 1861 5.
630 1800 661 1859 in
686 1802 818 1861 centuria
842 1800 905 1877 agri
926 1801 1027 1874 iugera
1043 1799 1096 1868 CC,
1122 1800 1210 1860 modii
1225 1800 1284 1861 DC.
1326 1804 1360 1860 in
1382 1800 1432 1857 cir·
1495 1795 1496 1860 i

372 1907 374 1912 ·
463 1910 495 1957 15
515 1905 594 1961 euru
610 1887 767 1980 peumm
791 1900 837 1959 no
859 1900 958 1960 natet.
996 1903 1025 1960 n
1050 1919 1081 1960 ea
1106 1901 1214 1977 pedum
1237 1888 1365 1964 dcccc
1386 1914 1433 1977 per

514 1988 647 2070 HCCCC,
678 2018 780 2077 passus
810 2000 1006 2061 CCCCXXXX
1032 2019 1087 2079 per
1110 2000 1323 2072 ceddum,
1355 2009 1430 2061 aetus
1495 2007 1497 2035 ¹

469 2147 472 2152 .
514 2101 567 2161 XX
589 2118 644 2179 per
666 2100 733 2169 XX,
758 2082 854 2159 dubita
879 2101 967 2161 oenc
988 2121 1043 2179 per
1066 2102 1163 2163 oeDC.

578 2198 607 2262 6.
631 2201 725 2262 Pedes
754 2205 837 2262 utin
861 2203 977 2262 cubitos
999 2205 1183 2281 redigamus;
1213 2223 1338 2284 semper
1361 2203 1430 2263 duco

514 2304 605 2363 octies
621 2312 649 2362 et
664 2321 748 2363 sumo
764 2311 878 2380 partem
895 2303 962 2364 Xll:
987 2314 1076 2365 erunt
1091 2305 1200 2366 cubita.
1239 2305 1343 2366 cubita
1366 2318 1429 2363 vero

463 2411 495 2459 20
514 2413 546 2464 ut
575 2406 605 2463 in
634 2405 725 2482 pedes
753 2405 950 2490 redigamus,
967 2423 1086 2482 semper
1115 2406 1191 2466 duco
1221 2407 1385 2468 duodecies
1405 2408 1428 2460 et
1494 2390 1495 2469 Ῠ

514 2525 600 2566 sumo
623 2513 737 2584 partem
761 2513 909 2566 octavam:
934 2513 1020 2566 erunt
1041 2506 1142 2584 pedes.
1494 2490 1495 2511 ¹

516 2754 584 2816 129.
624 2753 843 2815 Menaenorum
866 2756 976 2818 labaala
998 2776 1079 2838 quoe
1099 2777 1139 2818 eo>
1160 2758 1242 2820 libro
1258 2758 1357 2821 Batoi
1375 2772 1424 2816 eo·
1494 2757 1496 2913 Ι

801 2864 910 2934 eerpta
933 2876 1002 2918 esse
1023 2859 1147 2920 dieitur.

794 2988 878 3054 (Vide
897 2992 966 3056 prol.
985 2995 1000 3055 ἕ
1019 2993 1147 3057 121‚11.)

462 3146 496 3194 to
580 3123 606 3184 1.
630 3125 767 3184 Centuria
792 3125 881 3185 habet
903 3129 969 3204 ped.
994 3115 1112 3190 XCCCC
1135 3147 1189 3206 per
1212 3116 1342 3203 ΠΟΕΕΟ,
1363 3142 1423 3208 pas·
1493 3200 1494 3213 χ

513 3244 563 3284 sus
587 3223 779 3285 CCCCLXXX
804 3245 858 3304 per
881 3227 1086 3298 CCCCLXXX,
1114 3238 1198 3289 aotns
1218 3231 1272 3291 XX
1291 3249 1345 3309 per
1366 3224 1421 3290 XX,

513 3324 610 3386 cubita
641 3323 728 3385 oobt
756 3345 810 3404 per
838 3329 941 3397 ooDC‚
971 3330 1223 3423 perticasAEdXL
1244 3349 1301 3411 per
1324 3326 1419 3394 dext,
1493 3332 1495 3467 ,

513 3443 603 3503 agnas
632 3426 678 3486 DC
706 3445 760 3504 per
787 3429 850 3498 bc,
881 3429 1077 3510 decempedas
1099 3422 1253 3493 Lvtt'nu.
1298 3428 1420 3493 fiuntitt

580 3614 621 3663 25.
641 3609 702 3678 per]
723 3587 776 3679 ned
795 3615 820 3664 A
908 3615 950 3664 27.
971 3615 1066 3666 cubito
1085 3643 1116 3651 -
1134 3618 1175 3668 28.
1192 3602 1272 3668 Ia—VIX
1288 3616 1350 3684 Dc]
1367 3616 1421 3665 doec
1493 3520 1495 3645 b

510 3699 549 3746 sio
565 3701 665 3760 scripta
682 3699 708 3746 in
727 3699 751 3747 A
771 3696 874 3762 (deletis
892 3700 924 3746 iis
942 3714 1006 3763 quoe
1024 3702 1096 3750 terreis
1113 3703 1210 3751 inclusa
1226 3701 1312 3766 aunt):
1337 3698 1420 3752 cubito
