3534 4400
620 441 822 486 scurrsonus
838 444 1003 487 nouenos
1253 426 1273 489 ‘l

427 610 466 657 lle
484 608 565 659 Balbi
580 610 742 673 expositione
762 616 788 660 et
804 612 907 661 ratione
925 613 1030 661 oninium
1046 612 1195 673 formarum.

412 714 538 770 Frontini
553 724 581 771 et
591 714 690 788 Hygini
706 714 785 771 locos
800 732 862 771 cum
877 718 972 789 paucis
988 716 1166 789 absolvimus,
1181 725 1268 776 restat
1278 711 1330 772 112

354 805 383 853 ut
395 799 552 855 accuratius
562 807 711 873 quaeratur
722 800 755 856 de
766 799 842 855 Balbi
859 800 981 875 scriptis,
998 819 1052 876 que
1064 802 1092 857 in
1104 819 1134 858 re
1145 819 1201 858 uon
1215 811 1271 860 tam

355 882 380 937 id
393 882 464 955 quod
479 884 540 957 ipse
555 885 646 940 sentio
662 883 773 940 difficile
794 901 855 940 esse
873 884 951 941 rideo
967 885 998 941 ad
1015 879 1270 959 demonstrandum,

356 982 429 1039 quam
444 965 559 1024 diversis
573 968 737 1034 Lachmanni
753 976 781 1025 et
795 969 956 1027 biommseni
970 970 1114 1027 sententiis
1131 970 1197 1051 milri
1213 987 1270 1028 non

355 1050 472 1122 probatis
488 1052 691 1125 quodammodo
707 1052 864 1127 perturbor.
902 1054 968 1111 Nam
986 1054 1032 1111 ille
1049 1062 1076 1111 et
1092 1069 1191 1111 novam
1205 1072 1271 1129 pro-

355 1136 442 1206 posuit
462 1135 538 1193 Balbi
566 1138 746 1211 expositionis
772 1138 980 1212 inscriptionem
1008 1147 1037 1195 et
1059 1139 1145 1196 eidem
1172 1139 1271 1196 tribuit
1371 1188 1374 1198 .

355 1212 446 1275 libmm
467 1220 501 1275 de
523 1216 625 1293 asse¹);
649 1221 718 1279 alter
737 1230 828 1279 autem
843 1222 955 1279 balbum
978 1223 1011 1279 de
1033 1240 1066 1279 eo
1089 1224 1203 1280 maxime
1225 1240 1269 1281 ar·

355 1312 477 1374 gumento
500 1307 591 1378 egisse
612 1307 750 1362 existimat
771 1307 844 1380 quod
866 1309 1024 1364 continetur
1046 1308 1124 1364 libris
1148 1308 1268 1365 colonia·

356 1403 419 1459 rum,
433 1390 608 1447 recensuisse
622 1391 707 1463 igitur
722 1392 751 1446 in
766 1390 813 1448 illa
834 1392 1007 1465 expositione
1023 1392 1125 1449 formas
1147 1392 1205 1467 agri
1222 1410 1268 1449 co·

356 1469 492 1544 loniarum,
509 1474 537 1529 id
554 1481 598 1529 est
612 1483 695 1549 typos
710 1474 752 1530 vel
768 1474 876 1533 tabulas
893 1475 974 1548 aeris,
993 1477 1093 1551 quibus
1106 1476 1175 1533 fines
1188 1494 1269 1550 agro·

356 1570 408 1610 rum
432 1565 561 1615 accurate
583 1558 713 1633 descripti
737 1568 766 1616 et
792 1560 945 1634 scripturae
975 1568 1106 1637 contextu
1136 1560 1268 1618 illustrati

357 1635 458 1714 erant‘).

413 1724 485 1793 Quae
500 1743 555 1799 ego
571 1727 631 1798 hic,
653 1737 685 1785 ut
699 1746 749 1802 par
763 1727 831 1799 luit,
853 1729 1079 1797 commemoravi,
1101 1744 1135 1783 ne
1151 1743 1271 1784 summo·
1330 1804 1331 1807 Ἴ

356 1823 410 1863 rum
428 1811 550 1867 virorum
571 1811 670 1885 placita
692 1812 789 1868 leviter
808 1811 964 1884 neglexisse
987 1811 1110 1881 viderer;
1134 1819 1270 1869 attamen

357 1893 381 1945 in
394 1893 441 1950 bac
450 1896 622 1969 praefatione
633 1895 807 1952 brevioribus
819 1895 918 1952 finibus
937 1890 1154 1970 circumscripta
1164 1896 1270 1953 eadem·

359 1993 405 2048 que
417 1978 503 2035 latini
518 1981 655 2037 sermonis
675 1982 768 2053 rigore
788 1980 919 2054 impedita
938 1997 993 2036 uon
1014 1980 1041 2035 id
1056 1981 1192 2053 agendum
1208 1996 1269 2036 esse

358 2058 426 2131 duxi,
445 2072 476 2121 ut
496 2064 617 2120 aliorum
638 2066 781 2121 sententiis
797 2065 956 2121 adversarer
971 2072 998 2119 et
1015 2064 1093 2138 quasi
1109 2064 1212 2121 bellum
1228 2066 1270 2120 in-

359 2143 463 2217 lerrem;
485 2148 535 2205 sed
555 2164 642 2204 meam
663 2151 821 2224 opinionem
842 2148 962 2223 simplici
983 2150 1109 2206 oratione
1128 2150 1201 2206 malo
1225 2164 1270 2205 ex-

358 2245 483 2303 promere,
499 2234 523 2290 si
540 2235 588 2306 qui
603 2235 632 2295 in
647 2234 691 2290 his
707 2234 780 2309 quod
796 2233 940 2308 probabile
956 2235 1080 2291 videatur
1095 2236 1244 2293 inveniant.

413 2315 560 2373 Profitetur
574 2317 673 2375 balbus
693 2320 721 2374 in
742 2319 912 2396 praelatione
938 2334 968 2374 se
984 2318 1129 2375 scribendo
1146 2320 1171 2373 ei
1186 2318 1270 2390 libro,

360 2413 430 2468 quem
452 2410 508 2457 tum
524 2403 602 2458 misit
623 2403 656 2458 ad
679 2402 802 2471 Celsum,
830 2403 987 2470 iamdudum
1012 2403 1150 2459 intentum
1173 2395 1275 2470 luisse,

360 2481 402 2536 sed
416 2485 598 2542 intervenisse
612 2488 787 2561 imperatoris
803 2486 1014 2560 expeditionem.
1052 2487 1121 2542 'lum
1136 2502 1166 2541 se
1182 2485 1272 2541 studia

361 2611 556 2626 Ἢ

360 2693 440 2762 doque
456 2705 529 2753 notis
547 2703 667 2768 partium
686 2702 759 2752 assis
777 2702 893 2766 exposui
915 2701 945 2749 in
963 2698 1149 2765 praefatione.
1184 2698 1272 2748 Deni-

360 2777 406 2826 que
421 2767 491 2821 bunc
509 2769 710 2820 Ptolemeicum
728 2768 929 2833 Cyrenensium
953 2766 1053 2832 pedem
1080 2769 1211 2816 accurate
1230 2765 1271 2816 di-

360 2830 434 2882 fltinxi
451 2852 468 2886 n
485 2837 661 2888 Ptolemeice
685 2836 884 2901 Aegyptiorum
908 2850 1038 2886 mensure
1058 2850 1091 2885 eo
1108 2833 1171 2884 loco
1190 2849 1271 2898 quem

359 2898 407 2950 vol.
418 2901 431 2950 1
442 2919 468 2968 p.
479 2906 513 2955 24
527 2904 590 2955 adn.
604 2906 619 2953 2
634 2908 703 2954 extr.
724 2903 822 2965 eitar13
845 2906 873 2952 et
885 2904 996 2953 omnino
1012 2903 1085 2952 conf.
1105 2901 1184 2952 illem
1200 2901 1215 2964 ἓ
1229 2902 1271 2956 16.

420 2985 446 3050 1)
464 2987 537 3040 Vide
556 2988 678 3038 Gromat.
696 2988 711 3038 I
731 2981 825 3036 adnot.
845 2987 881 3036 ed
900 3005 925 3052 p.
944 2989 991 3051 91,
1010 2989 1035 3036 2.
1070 2986 1099 3037 II
1122 3001 1148 3050 p.
1170 2987 1218 3036 133
1237 3001 1268 3048 s.,

360 3050 422 3101 unde
439 3054 512 3106 heee
531 3056 672 3106 exscribor
696 3055 762 3104 Wer
779 3055 849 3104 kann
866 3055 983 3116 zneifetn
1002 3055 1065 3104 daea
1082 3054 1156 3104 beide
1169 3052 1271 3116 Sciatis·

361 3122 397 3165 ten
419 3116 458 3182 (id
481 3127 524 3174 est
546 3119 682 3188 expositio
705 3126 734 3172 et
756 3122 828 3171 liber
851 3122 885 3172 de
910 3121 985 3186 esse)
1021 3121 1107 3170 Tbeile
1137 3119 1271 3170 desselben

365 3181 466 3239 Werltes
481 3192 558 3241 sind?
593 3190 632 3240 Es
648 3190 745 3240 moebte
763 3190 829 3240 necle
847 3189 876 3238 S.
891 3192 944 3252 94,
966 3191 1033 3238 3zu
1051 3189 1190 3249 urtheilen',
1213 3202 1271 3238 eor-

359 3257 472 3309 lotitio
500 3265 532 3308 et
553 3260 643 3308 ratio
664 3259 796 3308 omnium
817 3271 1038 3306 mensurarum
1061 3257 1175 3319 beissen,
1206 3256 1272 3306 oder

360 3324 476 3384 umeros
495 3342 541 3377 so:
567 3325 615 3388 fiir
635 3327 686 3376 den
709 3325 933 3390 auspenommenen
952 3323 1090 3373 Absebnitt
1112 3328 1211 3372 esteten
1228 3325 1272 3373 die

360 3382 472 3441 Sariaster
490 3393 665 3456 formarum
681 3399 746 3442 stati
766 3407 994 3442 mensurarum.
1032 3390 1135 3440 Contra
1155 3405 1206 3455 ego
1225 3390 1272 3440 de·

360 3459 507 3510 monstrabo
524 3461 612 3511 verbe
631 3475 702 3526 quse
720 3476 748 3525 p.
765 3461 809 3523 ot,
828 3463 844 3510 3
872 3459 1004 3525 leguntur
1027 3457 1216 3509 tantummodo
1236 3457 1272 3506 ad

361 3516 441 3580 ipsam
462 3543 650 3578 mensurarum
673 3527 799 3577 tabulam
822 3526 867 3576 cui
889 3525 1014 3592 praefixe
1038 3531 1102 3576 suut
1119 3525 1269 3590 pertinere,

360 3588 461 3642 minime
483 3611 548 3646 vero
572 3596 608 3646 ed
629 3597 715 3647 totius
737 3595 830 3660 operis
853 3599 1057 3660 argumentum.
1093 3593 1165 3642 Aliis
1188 3607 1270 3658 ergu-

362 3660 452 3708 mentis
477 3663 662 3714 Mommsenus
685 3663 714 3713 11
736 3679 763 3728 p.
789 3663 837 3712 149
867 3663 1036 3726 inscriptum
1066 3659 1136 3709 illud
1165 3661 1272 3710 omnium

360 3719 489 3779 ternarum
505 3736 608 3782 tuetur.

423 3791 450 3855 2]
467 3796 498 3845 V.
518 3798 640 3850 Gromat.
661 3799 690 3848 11
707 3814 738 3862 p.
758 3798 900 3848 les—157.
921 3796 970 3846 180
989 3795 1010 3844 b.
