3534 4400
647 440 838 483 senrrnonss
861 439 1017 484 nouenos.
1187 480 1189 485 .
1249 420 1292 486 39

373 642 418 689 De
435 641 579 705 pendentm
603 648 629 690 et
646 634 820 691 mensurarum*
833 642 996 706 expositione
1015 657 1088 707 quam
1107 641 1195 693 Calvus
1213 646 1291 695 latine

764 711 905 774 expressit.

441 812 528 887 Supra
543 812 785 870 demonstravimus
797 812 906 871 Calvum
917 814 1106 887 Ravennatem,
1124 818 1171 889 qui
1186 806 1357 890 primus123

370 898 552 972 Hippocratis
573 893 757 955 libros'tatine
772 898 870 969 edidit,
892 898 934 956 bis
950 898 1000 957 sub
1015 899 1134 957 Africani
1151 896 1230 957 titulo
1247 901 1292 957 ad·

370 983 498 1039 iunxisse
524 990 668 1038 tractatum
690 981 822 1056 quendam
849 983 883 1039 de
909 983 1077 1058 ponderibus
1100 992 1129 1043 et
1157 985 1291 1041 mensuris
1316 990 1319 995 ’

370 1066 458 1143 (prol.
474 1064 587 1137 3114).
618 1066 671 1122 lam
687 1082 783 1140 magna
799 1068 925 1140 quaestio
941 1076 994 1139 est,
1011 1084 1143 1143 graecene
1158 1086 1192 1126 an
1208 1068 1292 1126 latine

371 1152 510 1225 seriptum
523 1151 595 1208 bunc
608 1148 699 1209 locum
711 1152 844 1208 invenerit
855 1150 959 1211 Calvus.
992 1152 1084 1210 Possis
1095 1154 1184 1211 dicere
1196 1153 1289 1223 latine,

369 1253 438 1294 cnm
460 1234 554 1292 eodem
578 1234 638 1294 loce
664 1236 778 1293 ediderit
799 1236 924 1294 Latinum
946 1239 1108 1312 scriptorem
1126 1237 1237 1295 Balbum
1256 1237 1290 1312 (v.
1385 1262 1390 1271 ³

372 1319 463 1393 ibid).
505 1323 541 1376 lt
559 1320 612 1378 boc
630 1320 788 1396 neutiquam
809 1338 902 1379 verum
922 1338 983 1379 csse
1006 1322 1120 1379 videtur.
1168 1322 1290 1380 Primum

370 1407 450 1462 enim
466 1405 554 1461 omnis
569 1404 626 1461 stili
642 1404 751 1462 habitus
769 1423 801 1463 ac
816 1405 910 1478 color,
937 1407 1025 1482 qualis
1040 1423 1091 1482 per
1105 1408 1179 1467 hunc
1193 1410 1294 1465 tracta-

371 1500 437 1547 tum
458 1488 566 1547 adalvo
584 1486 688 1547 editnm'
702 1491 788 1561 valet,
809 1493 986 1565 interpretem
1004 1492 1167 1549 recentioris
1183 1493 1290 1562 aetatis,

372 1592 435 1633 nun
453 1573 579 1631 Latinum
604 1576 767 1647 scriptorem
791 1573 969 1633 'vetustiorem
995 1575 1104 1650 prodit;
1133 1585 1189 1633 turn
1217 1585 1291 1633 certe

369 1661 435 1717 veri
457 1658 573 1715 similius
594 1667 636 1715 est
658 1660 774 1717 Graecae
797 1661 961 1733 expositioni
980 1676 1059 1733 quam
1081 1660 1192 1716 Latinae
1214 1676 1294 1734 prac-

369 1744 459 1801 fixum
483 1759 543 1799 esse
561 1743 697 1806 Africani,
723 1744 818 1800 Graeci
843 1744 1002 1819 scriptoris,
1030 1761 1145 1811 nomen3
1174 1743 1292 1818 denique

369 1827 453 1904 quod
476 1830 544 1902 ipse
558 1826 652 1884 Calvus
679 1828 745 1885 dicit
771 1844 800 1884 se
826 1828 898 1885 hunc
921 1836 1064 1887 tractatum
1084 1829 1144 1885 aliis
1166 1829 1292 1903 plurimis

369 1930 450 1989 quos
474 1914 501 1968 in
521 1912 644 1969 manibus
661 1913 785 1971 babuerit
798 1912 980 1987 praetulisse,
1001 1916 1064 1988 quia
1081 1914 1167 1987 magis
1185 1922 1212 1970 et
1230 1928 1291 1970 eum

370 1998 552 2073 Hippocratis
571 1997 735 2054 medelarum
756 1997 922 2073 ponderibus
942 2008 969 2056 et
993 2000 1144 2069 mensuris,
1169 2008 1197 2055 et
1217 2015 1295 2067 eum¹

372 2082 515 2140 Latinis
530 2084 673 2139 convenire
688 2090 716 2139 et
730 2082 820 2140 iacere
833 2084 988 2154 videretur,
1004 2085 1067 2157 quis
1086 2091 1128 2141 est
1148 2082 1193 2157 qui
1209 2092 1292 2155 neget

372 2170 422 2227 bis
439 2165 528 2224 verbis
543 2166 674 2224 Graecum
689 2167 871 2242 fragmentum
885 2167 1033 2244 significari
1052 2185 1068 2225 a
1084 2167 1163 2226 Calvo
1177 2168 1291 2243 perinde

369 2262 461 2326 atque
484 2254 573 2308 omnia
588 2252 762 2326 Hippocratis
777 2269 860 2328 opera
875 2255 904 2311 iu
921 2254 1042 2312 Latinam
1061 2256 1213 2311 orationem
1227 2270 1292 2310 con·

372 2337 505 2394 semum?
537 2336 615 2405 Quod
634 2355 696 2395 curn
714 2337 930 2395 demonstratum
946 2340 997 2411 sit,
1020 2339 1099 2396 lacile
1114 2338 1148 2395 ab
1163 2338 1290 2394 omnibns

375 2426 432 2481 boc
446 2422 563 2478 alterum
578 2438 739 2479 concessum
754 2424 787 2479 iri
803 2432 881 2497 puto,
900 2423 1019 2492 Calvum,
1036 2415 1067 2478 dt
1082 2425 1129 2496 qni
1144 2422 1294 2496 Hippocra-

374 2518 451 2564 team
480 2505 580 2564 molem
607 2505 743 2564 indefesso
771 2507 967 2580 interpretandi
994 2505 1085 2562 studio
1111 2507 1292 2580 superaverit,

371 2593 459 2650 etiam
480 2592 553 2648 bunc
574 2591 701 2664 exignum
721 2599 866 2649 tractatum
891 2598 954 2664 apte
977 2598 1005 2646 et
1027 2606 1088 2646 cnm
1108 2588 1160 2646 lide
1181 2605 1293 2645 conver·

374 2678 455 2734 iisse.
487 2675 569 2733 Cuius
587 2675 643 2746 rei,
665 2693 699 2732 ne
715 2693 768 2750 qua
783 2675 918 2733 dubitatio
936 2673 1125 2748 relinquatur,
1139 2681 1212 2731 certa
1230 2683 1294 2730 sunt

373 2768 553 2835 argumenta:
572 2760 700 2817 nimirum
715 2761 831 2834 plurima
846 2776 916 2834 quae
931 2759 1028 2818 Calvus
1043 2758 1123 2819 babet
1139 2761 1295 2814 etiamnunc

373 2862 476 2920 graece
497 2853 604 2902 exstant
626 2844 756 2920 illiusque
777 2844 855 2902 fidem
876 2854 905 2901 et
922 2843 1090 2918 diligentiam
1106 2842 1294 2918 comprobant.

374 2932 463 3001 Quam
480 2930 651 3004 paucissimis
665 2937 765 3004 potero
781 2928 934 2987 absolvam:
951 2929 1047 2986 Calvus
1063 2947 1113 3004 per
1126 2930 1248 2987 voculam
1261 2944 1295 2984 oe

375 3017 489 3074 Graecis
504 3015 656 3088 ponderum
671 3023 699 3071 et
713 3031 900 3072 mensurarum
916 3014 1053 3072 vocabulis
1070 3015 1167 3072 addere
1179 3031 1296 3071 consue·

377 3102 416 3158 vit
429 3101 540 3158 Latinas
562 3099 775 3175 appellationes,
798 3106 829 3156 ut
848 3115 932 3156 mnas
953 3105 1083 3156 minusne
1099 3099 1144 3171 (ir.
1161 3096 1238 3167 141,
1254 3096 1294 3169 2),

376 3189 518 3258 tropeien
534 3185 591 3240 duo
607 3190 795 3258 quinariosoe
811 3185 883 3240 duos
897 3183 971 3256 (ibid.
988 3182 1034 3260 9),
1052 3183 1093 3240 vel
1109 3184 1234 3240 Latinum
1250 3198 1295 3239 vo·

377 3270 505 3328 eubulum
522 3271 663 3344 praemisit
677 3271 797 3340 Graeco,
818 3278 850 3325 ut
863 3274 1012 3326 senterius
1027 3276 1158 3326 aestesoe
1174 3273 1205 3324 tn
1221 3266 1295 3323 duas

378 3357 480 3413 laneos
501 3355 648 3412 eotnlnsoe
672 3352 748 3426 (ibid.
768 3353 832 3426 12);
857 3354 886 3410 in
908 3353 1020 3429 reliquis
1042 3361 1131 3411 autem
1156 3351 1223 3409 nibil
1246 3368 1295 3409 nec

377 3441 497 3499 consilio
516 3457 567 3498 nec
589 3439 744 3513 corrigendi
759 3439 850 3496 studio
867 3440 993 3507 mutavit,
1015 3439 1133 3512 deniqne
1151 3437 1237 3495 sicubi
1253 3453 1296 3494 er·

379 3528 465 3597 ravit,
494 3526 556 3598 ipso
577 3524 679 3582 Graeco
703 3523 772 3582 libro
798 3541 880 3581 manu
901 3525 1003 3599 scripto
1024 3527 1052 3580 in
1074 3525 1196 3580 errorem
1219 3522 1296 3578 indu·

378 3620 440 3668 ctus
456 3617 509 3667 est.

441 3711 495 3767 lam
515 3717 580 3768 ve'ro
599 3713 686 3768 omnis
704 3711 771 3768 baec
788 3710 938 3787 disputatio
954 3708 992 3766 ita
1008 3708 1171 3766 instituenda
1188 3717 1246 3778 est,
1265 3715 1296 3761 ut

378 3803 546 3870 quaeratur,
578 3793 658 3870 quale
679 3793 810 3868 Graecum
833 3794 985 3868 exemplum
1005 3793 1101 3851 Calvus
1125 3791 1295 3866 expresserit.
