3534 4400
531 216 552 311 l

505 429 548 493 70
815 448 944 493 vonnsn
966 447 1118 490 neaeram
1350 426 1426 509 [115]

505 590 646 643 vocantur
662 582 792 661 quinque
806 556 932 649 libellae,
953 588 1112 659 quaesunt
1127 582 1258 659 quinque
1276 578 1425 648 decimam

506 684 561 744 bae
591 681 755 761 duplicatae
783 683 952 743 sestertium
980 680 1112 759 implent
1142 679 1224 761 [71]
1253 680 1428 759 dupundius

505 784 594 846 semis
616 784 672 845 hae
693 792 763 843 nota
778 782 880 850 S·'l;
903 791 1025 843 vocatur
1046 800 1099 843 sex
1120 780 1237 843 libellae
1252 783 1426 847 teruncius:

505 892 574 947 sunt
595 892 693 947 autem
711 903 768 964 sex
791 884 923 945 decimae
945 891 976 944 et
996 883 1238 963 quadragesima,
1261 882 1294 942 id
1318 890 1366 943 est
1387 882 1428 942 di·

474 1002 489 1051 5
508 986 595 1047 midia
619 993 649 1045 et
670 992 771 1046 octava
787 986 892 1052 totius:
914 989 1077 1063 supersunt
1092 992 1212 1045 octavae
1226 990 1308 1054 tres,
1333 982 1366 1045 id
1388 990 1429 1043 est
1487 981 1491 990 '

505 1088 643 1149 semisses
665 1093 740 1156 tres,
770 1078 803 1147 ut
825 1086 991 1148 sestertium
1015 1081 1192 1163 compleant.
1216 1081 1301 1166 [72]
1326 1083 1429 1145 tressis

505 1188 561 1248 bac
592 1194 671 1251 nota,
688 1185 814 1254 8.“.Σ;
849 1193 969 1248 vocatur
1001 1193 1114 1265 septem
1146 1184 1264 1247 libellae
1294 1184 1426 1263 singula:

506 1294 575 1349 sunt
603 1294 700 1349 autem
730 1307 799 1367 pars
828 1288 946 1349 dimidia
975 1296 1005 1349 et
1031 1286 1107 1349 duae
1135 1286 1266 1347 decimae
1295 1294 1332 1347 et
1354 1288 1428 1346 vice·

468 1388 476 1429 :
506 1391 596 1459 sima,
625 1389 683 1461 boc
712 1397 757 1451 est
783 1376 853 1468 pars
875 1389 995 1450 dimidia
1018 1396 1048 1450 et
1070 1396 1189 1468 quarta;
1217 1388 1339 1457 desunt:
1354 1386 1427 1447 duae

456 1500 643 1561 iuncturae,
671 1490 701 1551 id
730 1499 774 1552 est
801 1498 919 1572 quarta,
948 1508 1024 1568 quae
1052 1492 1152 1551 iuncta
1174 1488 1303 1566 impleat
1321 1495 1427 1549 sester-

471 1602 475 1612 ’
505 1594 588 1653 tium.
613 1588 690 1675 [73]
712 1575 816 1654 tressis
839 1584 928 1655 semis
949 1592 1006 1654 bac
1027 1600 1097 1653 nota
1119 1589 1311 1658 s:-}T;
1344 1606 1427 1649 voca·

505 1702 555 1755 tur
578 1701 643 1759 octo
665 1693 783 1756 libellae
806 1695 921 1773 singula
942 1694 1110 1764 teruncium
1133 1702 1201 1753 suut
1218 1710 1289 1771 pars
1307 1690 1425 1753 dimidia

505 1802 535 1855 et
556 1804 619 1857 tres
641 1795 772 1857 decimae
795 1802 825 1856 et
846 1798 982 1883 vicesima
999 1801 1029 1855 et
1042 1794 1285 1872 quadragesima,
1310 1794 1372 1853 boe
1386 1796 1426 1851 est

507 1913 576 1973 pars
604 1896 722 1956 dimidia
751 1904 781 1957 ct
807 1905 911 1975 quarta
940 1904 970 1958 et
997 1903 1114 1963 octara;
1148 1902 1286 1974 superest
1316 1900 1422 1957 oetam,

419 1992 420 1995 '
458 2013 490 2063 15
508 2015 584 2077 quae
607 1996 719 2057 adiecta
741 1999 910 2058 sestertium
934 1994 1080 2075 conpleat.

516 2209 519 2216 Ι
571 2128 653 2212 [74.]
677 2129 789 2192 Libella
821 2131 897 2191 dicta
926 2129 1058 2191 creditur
1086 2132 1170 2210 quasi
1196 2128 1304 2210 pusilla
1335 2128 1423 2189 libra:

507 2249 576 2292 nam
600 2251 668 2293 cum
691 2232 761 2294 olim
784 2250 865 2294 asses
886 2230 1001 2293 libriles
1024 2238 1137 2300 essent,
1161 2239 1194 2292 et
1212 2230 1356 2292 denarius
1378 2229 1424 2289 de·

468 2339 473 2350 ”
508 2351 573 2394 cem
603 2350 685 2394 asses
712 2333 836 2404 valeret,
871 2342 901 2395 et
928 2333 1041 2394 decima
1070 2350 1139 2413 pars
1167 2332 1282 2393 denarii
1311 2331 1423 2395 libram,

507 2453 584 2514 quae
613 2435 717 2496 eadem
740 2453 772 2496 as
794 2443 872 2520 spat,
901 2433 1017 2514 singula
1039 2433 1194 2502 selibram,
1222 2450 1300 2510 quae
1324 2431 1423 2493 eadem

456 2555 489 2604 20
507 2537 595 2598 semis
624 2545 702 2606 erat,
733 2539 883 2599 teruncius
905 2536 1099 2614 quadrantem
1121 2531 1261 2600 haberem
1291 2535 1355 2594 sive
1377 2528 1424 2590 de·

507 2638 632 2698 uariaria
655 2639 715 2700 sive
731 2639 910 2700 sestertiaria
926 2639 1003 2698 ratio
1018 2636 1231 2703 conficeretur,
1253 2632 1361 2694 iisdem
1375 2648 1438 2712 no·

507 2741 558 2807 tis,
589 2739 618 2798 id
649 2746 692 2799 est
717 2737 883 2812 libellarem
906 2745 936 2798 et
957 2737 1138 2816 singularum
1161 2743 1191 2796 et
1211 2736 1422 2797 terunciorum
1496 2718 1498 2773 7

508 2841 675 2918 praeposita
703 2846 773 2899 nota
801 2839 916 2899 denarii
944 2821 990 2899 del
1017 2838 1163 2906 sestertii,
1177 2843 1224 2896 ut
1250 2843 1315 2896 erat
1337 2833 1421 2896 ratio.

508 2957 577 3000 aera
601 2939 855 3017 exprimebantur.
880 2936 962 3020 [75]
976 2926 1172 3020 ¹posteaquam
1187 2936 1364 2998 in'sedecim
1379 2947 1422 2992 as·
1496 2922 1498 2985 ἱ

458 3061 493 3112 25
512 3059 559 3102 ses
582 3039 722 3100 denarius
744 3038 918 3101 distributus
941 3048 999 3109 est,
1023 3038 1188 3101 denariaria
1209 3037 1284 3097 ratio
1307 3032 1423 3116 expedi·

507 3143 567 3203 tius
590 3141 694 3202 confici
717 3140 830 3237 coepit,
859 3148 1004 3219 utsupra
1027 3139 1137 3200 dictum
1160 3146 1218 3207 est3
1247 3133 1421 3198 sestertiaria
1496 3134 1498 3177 t

479 3263 482 3271 ⁴
508 3243 616 3302 mansit
637 3239 695 3319 sub
715 3240 818 3302 iisdem
840 3243 933 3310 notis,
965 3248 1050 3302 aucta
1072 3248 1171 3302 tamen
1192 3240 1417 3317 computatione.

509 3339 591 3423 [76]
607 3341 681 3403 haec
705 3339 1108 3422 quoque·libella·exemplo
1128 3336 1275 3401 maiorum
1297 3341 1328 3398 in
1349 3337 1419 3398 duos

510 3441 588 3503 velut
615 3444 767 3513 semisses,
802 3445 852 3522 qui
880 3441 1013 3523 singuhe
1042 3448 1198 3510 vocantur,
1229 3446 1418 3518 etquattuor

458 3564 491 3613 30
508 3542 587 3604 velut
609 3545 803 3623 quadrantes,
827 3545 879 3622 qui
901 3543 1028 3627 teruncii
1050 3549 1207 3611 vocantur,
1231 3540 1375 3601 dividitur.

574 3660 656 3743 [77]
672 3663 816 3724 Ponderis
838 3661 941 3722 eadem
964 3661 1067 3720 divisio
1082 3666 1128 3720 est
1142 3676 1218 3736 quae
1233 3659 1319 3719 aeris.
1354 3667 1418 3716 nam

509 3766 539 3854 iu
568 3781 641 3843 quas
669 3771 769 3843 partes
796 3779 828 3823 as
851 3761 1005 3830 dividitur,
1033 3761 1065 3819 in
1087 3759 1141 3820 bas
1160 3766 1190 3820 et
1210 3757 1286 3820 libra
1308 3757 1419 3836 dispen-

648 4037 652 4068 l
