3534 4400
450 446 455 456 ,
498 398 561 447 XVI
860 404 1051 447 nntnrarto.

498 540 601 595 tionem
623 548 721 611 augur
736 540 853 598 collatus
867 541 1013 615 Epiphanii
1028 540 1105 597 locus
1122 558 1205 615 snpra
1221 559 1247 614 p.
1264 538 1342 610 266,
1359 541 1408 605 18ς

497 622 547 679 sed
568 622 630 679 vide
652 624 716 679 ibid.
737 643 764 698 p.
786 626 864 695 269,
889 626 938 684 16.
952 655 996 668 -
1009 626 1131 699 lienique
1155 626 1207 681 laoc
1230 624 1291 680 loco
1313 627 1409 680 mentio

499 707 620 765 incienda
634 716 677 763 est
691 710 795 767 codicis
809 711 955 766 Beroensis
970 713 998 767 in
1013 710 1083 783 prol.
1100 709 1119 781 S
1135 709 1213 781 124,
1228 710 1239 764 l
1254 726 1286 764 ea
1304 708 1410 764 [leonori

497 790 597 848 litteris
612 792 774 850 adumbrati.

563 892 739 950 123-127.
762 893 800 949 lla
818 894 915 949 Isidori
937 894 1165 967 etymologiarum
1187 893 1264 949 libris
1285 909 1355 966 quac
1372 912 1412 949 ca·

498 977 555 1052 pita
575 978 603 1032 in
621 978 691 1033 banc
704 978 894 1035 collectionem
910 978 1033 1049 contuli,
1054 995 1086 1035 ea
1101 996 1183 1053 qnam
1197 977 1413 1035 emendatissime

497 1060 570 1118 edidi
591 1077 623 1116 ex
645 1061 734 1118 tribus
755 1063 895 1119 codicibus
916 1064 1112 1119 vetustissimis
1136 1079 1206 1135 quos
1221 1061 1293 1117 l'rid.
1308 1063 1372 1118 (ltto
1388 1064 1412 1117 io

498 1145 666 1202 recensendo
687 1146 785 1202 isidori
813 1164 897 1221 opere
924 1149 1043 1221 turpiter
1069 1147 1190 1221 neglexit
1218 1146 1413 1202 recentioribus

499 1229 639 1286 codicibus
659 1230 748 1305 iisque
771 1233 858 1288 multo
880 1231 1066 1287 deterioribus
1091 1231 1241 1287 incredibili
1266 1231 1348 1286 animi
1372 1249 1414 1285 so-

500 1314 592 1370 cordia
607 1314 745 1388 praelatis.
778 1316 848 1372 Sunt
865 1325 957 1373 autem
971 1316 1011 1371 illi
1028 1317 1193 1371 vetustiores
1208 1331 1278 1387 quos
1293 1314 1348 1369 dixi

466 1438 473 1465 x
564 1396 647 1453 A:
664 1400 724 1455 cod.
746 1399 977 1474 Guelferbytanus
998 1399 1152 1456 Weisseub.
1172 1400 1229 1468 64,
1250 1398 1416 1455 membrana·

499 1499 565 1539 ceus
582 1483 668 1539 lorma
684 1485 833 1557 qttadrata,
847 1484 949 1540 saeculi
967 1483 1037 1551 l'lll;
1060 1487 1183 1540 continet
1199 1482 1295 1561 lsidori
1313 1493 1415 1557 etymo·

499 1567 632 1639 logiarum
648 1568 735 1624 libros
750 1568 795 1624 xtt
811 1568 885 1625 loliis
900 1569 979 1636 3383

562 1652 645 1706 B:
661 1653 722 1710 cod
746 1654 916 1710 llonacensis
935 1653 994 1708 lat.
1018 1652 1103 1711 6250
1124 1670 1195 1709 saec.
1216 1652 1248 1706 tx
1270 1651 1343 1721 (olim
1358 1652 1415 1707 irt-

498 1738 633 1810 singensis
649 1738 717 1808 50);

560 1822 639 1874 C:
653 1822 713 1876 cod.
733 1822 837 1877 llonac
857 1821 917 1879 lat.
940 1822 1021 1877 45t1
1046 1838 1118 1878 saec.
1135 1822 1157 1876 X
1180 1820 1255 1892 (olim
1279 1820 1416 1877 Benedici.

499 1903 560 1976 41).
594 1904 630 1959 Ex
652 1906 695 1960 liis
718 1905 960 1978 Guelferbytanum
981 1908 1088 1960 excussi
1108 1914 1212 1961 aestate
1234 1905 1297 1960 anui
1319 1904 1413 1969 1864ς

499 1990 699 2046 llouacensium
720 1988 845 2045 codicum
863 1992 1027 2064 scripturam
1045 1990 1147 2062 insigni
1162 1991 1326 2045 humanitate
1342 1990 1416 2044 misit

498 2074 532 2131 ad
545 2088 589 2127 me
602 2072 673 2128 Guil.
689 2072 836 2145 Christius,
847 2074 891 2129 cui
911 2074 946 2130 oh
964 2090 1022 2129 mm
1040 2091 1097 2129 rem
1114 2075 1216 2147 gratias
1234 2075 1278 2146 egi
1293 2076 1320 2128 ln
1336 2089 1415 2129 enor-

498 2160 545 2216 dio
567 2158 668 2232 prioris
690 2158 845 2215 voluminis.
872 2156 924 2225 Qui
946 2175 1007 2215 cum
1028 2159 1061 2214 ad
1074 2158 1248 2215 Ottoniauam
1269 2157 1414 2213 editionem

498 2243 607 2301 codices
621 2243 801 2312 contulisset,
817 2259 870 2315 ego
888 2259 995 2298 omnem
1010 2259 1106 2299 corum
1122 2245 1285 2316 scripturam
1301 2259 1371 2314 quae
1384 2260 1415 2298 ex

500 2327 628 2396 silentio,
652 2335 684 2382 ut
705 2329 800 2398 aiunt,
826 2327 947 2383 eitieitur
966 2331 1058 2384 notavi
1077 2329 1167 2383 addita
1186 2326 1278 2382 littera
1297 2345 1329 2394 o,
1352 2328 1373 2380 i.
1392 2343 1415 2380 e.

501 2413 598 2485 otrico
628 2410 665 2466 lie
685 2413 792 2467 ratione
813 2429 895 2485 quiam
915 2414 944 2467 in
965 2413 1008 2467 liis
1024 2411 1166 2468 lsidoriani
1185 2413 1278 2484 operis
1294 2411 1415 2483 partibus
1491 2453 1493 2456 .

501 2505 613 2554 secutus
634 2513 696 2552 sum
716 2496 872 2553 uberiorem
888 2495 1103 2569 disputationem
1126 2498 1270 2552 instituere
1284 2511 1337 2550 nou
1351 2511 1415 2567 pns-

499 2597 577 2652 sum,
598 2595 633 2636 ne
654 2583 829 2654 angustiores
851 2581 920 2637 lines
939 2580 1041 2655 quibus
1062 2583 1129 2638 haec
1150 2581 1283 2654 praelatio
1302 2579 1415 2634 circurn-

498 2666 630 2723 scribitnr
644 2667 786 2722 immodice
803 2667 944 2738 egrediar:
964 2667 1059 2721 inciam
1076 2667 1171 2736 igitur,
1186 2667 1209 2719 si
1226 2673 1342 2736 potero,
1360 2662 1414 2718 alio

500 2749 579 2815 toco;
600 2751 649 2802 sed
662 2750 716 2803 lroc
729 2751 821 2804 omitti
838 2765 894 2803 nou
911 2764 995 2820 posse
1011 2747 1087 2803 video
1103 2749 1237 2822 permulta
1251 2747 1415 2819 glossemata

500 2841 530 2888 et
549 2830 775 2904 interpolationes
790 2831 831 2886 vel
850 2835 878 2887 in
894 2831 945 2887 hac
959 2833 1057 2904 exigua
1072 2837 1159 2889 totius
1176 2833 1269 2906 operis
1285 2841 1362 2905 parte
1378 2833 1417 2886 in·

500 2916 596 2972 veniri.
627 2919 666 2970 dc
685 2917 803 2989 primum
824 2933 1010 2972 commemoro
1031 2917 1099 2974 duas
1120 2920 1180 2973 eius
1196 2917 1306 2989 generis
1322 2933 1417 2971 corrn-

500 3000 589 3075 ptelas
605 3015 706 3072 easque
720 3003 860 3073 graviores
874 3001 972 3058 abesse
987 3002 1021 3057 ab
1036 3007 1058 3056 A
1075 2999 1108 3071 (r.
1119 3003 1211 3057 adnot
1225 3001 1258 3057 ad
1272 3019 1299 3074 p.
1310 3001 1381 3068 109,
1398 2999 1416 3055 6

499 3095 529 3141 et
545 3084 622 3154 122,
637 3084 658 3140 4
672 3084 737 3140 coll.
752 3085 853 3141 (ittone
868 3103 895 3159 p.
909 3087 986 3156 486,
1003 3085 1031 3143 3.
1046 3085 1126 3156 622,
1144 3086 1187 3156 l);
1212 3095 1269 3141 tum
1284 3085 1338 3141 alio
1354 3083 1417 3140 loco

499 3185 531 3225 ci
552 3169 649 3225 codem
672 3169 767 3226 codice
790 3169 888 3225 similis
916 3173 1091 3226 additamenti
1116 3171 1249 3242 originem
1274 3169 1418 3243 perspicue

500 3254 641 3326 cognosci.
677 3254 784 3310 litenitn
800 3255 881 3310 veroa
896 3271 966 3328 quae
982 3255 1053 3328 apud
1067 3271 1118 3310 nos
1133 3273 1161 3328 p.
1179 3255 1256 3324 110,
1272 3253 1313 3310 20
1326 3271 1362 3308 ss.
1378 3252 1419 3306 le·

500 3345 606 3412 guntur
619 3339 648 3393 in
663 3341 686 3393 tt
700 3343 741 3394 sic
754 3341 906 3412 perscmpta
921 3351 1000 3395 sunt:
1369 3357 1373 3366 ·

652 3455 762 3512 Pondus
776 3458 855 3531 prius
869 3457 971 3531 legitur
988 3473 1097 3534 moyses
1112 3459 1250 3514 inuenisse

651 3539 759 3598 Primus
776 3541 844 3597 titon
858 3545 971 3616 argiuus
987 3543 1106 3626 ponderx
1130 3545 1263 3600 udonem

501 3667 604 3716 cetera.
637 3657 675 3714 lix
697 3659 740 3715 liis
763 3659 877 3716 rouo-s
897 3663 1017 3736 pertinet
1039 3661 1071 3718 ad
1094 3661 1200 3736 priora3
1225 3659 1305 3716 rerba
1324 3669 1419 3740 antem

499 3749 587 3818 prius
608 3745 715 3819 leuiter
735 3759 847 3818 nopes
868 3752 1016 3804 mm
1040 3745 1129 3802 addita
1154 3761 1217 3802 esse
1241 3739 1354 3818 apparet
1382 3743 1418 3799 al>
