3534 4400
609 445 810 488 scnrrroeus
831 448 992 489 romanos.
1243 429 1264 493 5

349 584 413 642 meri
426 583 528 639 diversi
541 592 616 653 sunt,
632 583 701 639 ratio
715 592 804 640 tamen
817 583 947 640 metiendi
960 583 1134 658 calculosque
1145 586 1263 659 ponendi

348 681 428 745 atque
450 670 512 742 ipsa
533 669 613 724 etiam
640 666 721 724 verlia
748 668 861 724 mirilico
892 671 963 724 iuter
985 685 1013 724 sc
1038 665 1207 742 congruunt,
1234 680 1265 727 ut

350 752 552 829 quodammodo
569 752 778 825 interpretatum
795 769 854 809 esse
871 753 945 810 dicas
959 754 1056 809 Latino
1073 770 1197 809 sermone
1212 755 1265 811 He·

351 840 421 897 roais
437 836 719 893 locosrdolumellam.

409 921 496 1001 Quam
514 937 572 978 rem
587 936 638 978 nee
658 920 856 995 neglegendam
878 938 928 978 neo
950 924 1024 997 parvi
1040 922 1189 979 sariendam
1205 938 1266 978 esse

352 1008 484 1065 existimo.
522 1006 589 1062 Nam
604 1023 666 1063 cum
682 1022 713 1063 ea
728 1005 895 1080 geometriae
910 1006 1078 1063 Heronianae
1094 1007 1182 1063 torma
1197 1022 1267 1080 quae

350 1092 470 1148 inlibris
486 1107 570 1147 mann
587 1090 699 1164 scriptis
715 1099 803 1146 exstat
824 1091 856 1147 ad
878 1094 990 1148 tertium
1011 1092 1068 1148 lere
1084 1092 1222 1149 saeculum
1238 1111 1265 1165 p.

351 1176 410 1233 Chr.
426 1194 452 1233 n.
470 1173 615 1233 relerenda
631 1191 692 1233 esse
708 1175 839 1245 videatur,
856 1175 935 1232 laeile
950 1179 1012 1250 quis
1027 1178 1117 1251 possit
1132 1176 1266 1250 suspicari

351 1264 377 1317 io
391 1261 441 1318 hac
456 1262 616 1317 recentiore
632 1259 719 1316 forma
742 1277 827 1334 paene
849 1260 916 1316 nihil
932 1263 1043 1334 genuini
1058 1261 1161 1318 eoloris
1177 1277 1267 1318 serva·

352 1354 404 1401 tum
426 1361 499 1402 osse.
545 1344 625 1413 Quod
645 1346 754 1401 minime
776 1362 868 1401 verum
890 1353 941 1401 est.
981 1345 1046 1403 Nam
1068 1363 1083 1402 1
1104 1343 1267 1401 Columellae

354 1431 458 1503 quidem
474 1427 610 1503 exemplis
624 1429 805 1503 perspicimus
822 1430 932 1486 eandem
949 1430 1006 1487 lere
1027 1431 1195 1503 geometriae
1211 1430 1267 1486 lor·

353 1530 420 1570 mam
442 1531 515 1589 quae
537 1512 617 1569 nobis
639 1513 666 1569 in
688 1514 813 1571 manibus
834 1523 876 1570 est
897 1515 948 1571 iam
964 1517 1080 1587 Augusti
1099 1513 1267 1588 temporibus

354 1597 486 1673 vulgatam
502 1598 608 1667 fuisse,
629 1599 702 1655 unde
717 1607 745 1655 et
760 1599 869 1656 brevior
890 1607 976 1655 estet
993 1598 1145 1673 expeditior
1160 1598 1267 1654 reditus

354 1700 400 1757 per
416 1685 499 1740 unius
523 1683 626 1740 saeculi
642 1684 760 1757 spatium
776 1683 910 1757 adipsum
927 1682 1043 1740 lleronis
1059 1690 1184 1739 aetatem.
1213 1680 1268 1737 nli-

356 1777 481 1841 quontum
498 1769 587 1840 igitur
602 1768 682 1824 affert
696 1766 862 1824 Columellas
878 1766 958 1825 locus
974 1768 1006 1823 ad
1020 1774 1142 1823 nostram
1159 1773 1268 1821 senten·

354 1852 413 1908 tiam
428 1852 660 1923 mirmandam,
682 1852 797 1909 licronis
812 1853 980 1936 geometriae
995 1867 1053 1909 eam
1069 1852 1183 1908 formam
1199 1866 1268 1923 quae

355 1936 428 1993 uoltis
444 1943 555 2018 serrata
575 1945 619 1993 est
633 1939 727 2011 paucis
742 1944 848 1993 tantum
863 1937 953 2011 iisque
969 1936 1116 1994 levioribus
1131 1936 1213 1993 rebus
1228 1934 1269 1991 di·

356 2037 453 2078 versam
469 2038 535 2079 esse
551 2021 710 2095 abantiquo
726 2021 813 2095 ipsius
828 2022 944 2079 licronis
959 2022 1039 2079 libro.

493 2187 538 2238 De
558 2187 697 2249 Frontino,
716 2186 836 2252 Hypino,
854 2186 952 2246 Balbo,
968 2189 1124 2253 promaticis.

416 2294 513 2350 Omnis
534 2295 750 2366 gromaticorum
777 2293 919 2367 disciplina
946 2303 1077 2368 quantum
1103 2294 1219 2350 valuerit
1241 2294 1268 2348 in
1286 2289 1335 2346 111

359 2376 464 2453 imperio
479 2380 603 2435 Romano
621 2385 779 2452 quantoque
799 2386 938 2435 momento
960 2378 1063 2453 scripta
1078 2395 1174 2436 eorum
1189 2379 1270 2432 aesti-

359 2463 449 2518 manda
464 2464 539 2532 sint,
555 2462 666 2536 egregie
681 2462 937 2518 demonstraverunt
952 2461 1117 2518 Niebuhrius
1133 2462 1233 2535 aliique
1241 2456 1269 2532 ¹).

360 2541 530 2622 Quapropter
544 2547 662 2622 insignis
677 2547 765 2620 gratia
781 2545 897 2601 debetur
907 2545 1090 2616 lachmanno,
1108 2546 1154 2618 qui
1164 2543 1270 2599 infinito

360 2646 440 2702 paene
455 2632 553 2690 labore
570 2639 699 2704 suscepto
715 2630 778 2687 illos
798 2628 887 2686 libros
909 2629 1013 2703 primus
1034 2631 1073 2686 ita
1089 2628 1220 2698 ediderit,
1241 2636 1272 2683 ut

362 2719 470 2784 genuina
487 2717 636 2790 scriptura,
653 2723 784 2789 quantum
796 2707 856 2770 lieri
867 2721 973 2788 posset,
990 2717 1192 2772 restitueretur.
1219 2711 1273 2769 Nec

362 2796 441 2856 deluit
456 2800 580 2858 eiusdem
596 2815 679 2874 opera
695 2800 728 2856 ad
743 2798 903 2855 illustranda
919 2815 1050 2873 eaquae,
1074 2799 1195 2873 quamvis
1210 2815 1272 2872 gra-

362 2880 463 2940 vissima
482 2885 594 2954 esseni,
616 2899 711 2941 omnes
732 2892 821 2940 tamen
845 2886 953 2957 priores
974 2884 1129 2942 latuissent.
1166 2881 1232 2940 Nam
1248 2883 1271 2938 is

363 2968 460 3037 primus
475 2976 603 3026 accurate
618 2968 815 3025 demonstravit
829 2968 927 3024 lulium
943 2969 1124 3040 Frontinum,
1140 2967 1273 3040 antiquis·

363 3049 455 3108 simum
475 3062 504 3111 11
525 3053 740 3110 eruditissimum
762 3054 926 3126 scriptorem
948 3053 980 3109 de
1001 3052 1083 3109 rebus
1104 3050 1273 3125 gromaticis‚

363 3137 471 3193 eundem
493 3149 555 3194 esse
575 3145 657 3212 atque
678 3137 754 3193 illum
769 3136 930 3193 Frontinum
953 3138 1000 3212 qui
1021 3137 1053 3192 dc
1072 3154 1102 3193 re
1118 3135 1228 3192 militari
1243 3151 1275 3192 ac

365 3217 394 3271 de
407 3237 492 3294 aquae
507 3221 635 3279 ductibus
651 3215 798 3297 scripsit²).
833 3221 963 3295 Aequalis
985 3222 1070 3294 igitur
1091 3220 1143 3277 luit
1157 3215 1273 3294 impera·

363 3331 560 3346 ἓ...-

428 3404 452 3468 1)
471 3405 610 3456 1111111111
623 3403 770 3454 Niebuhrii
783 3401 872 3452 locum
887 3402 920 3452 de
934 3417 968 3453 11
981 3417 1011 3452 11
1024 3401 1155 3467 scriptum
1169 3401 1274 3463 (Kleine

366 3466 419 3520 liat.
436 3490 461 3525 a.
471 3474 561 3538 philol.
572 3473 648 3523 Sedr.
661 3472 689 3521 11
708 3487 735 3536 p.
748 3471 792 3530 81)
811 3471 944 3535 repetivit
960 3468 1084 3520 Blumius
1102 3470 1131 3518 in
1151 3470 1274 3521 Gromet.

365 3535 415 3585 rol.
431 3539 461 3590 11
477 3557 504 3606 p.
522 3544 549 3591 4.
583 3541 759 3605 Ac'preeter
781 3538 961 3588 Niebuhrinm
981 3542 1008 3587 11
1025 3538 1086 3601 ipse
1104 3536 1228 3587 Blumius
1248 3539 1276 3586 et

365 3601 461 3667 reliqui
484 3622 578 3659 omnes
601 3622 715 3670 quorum
738 3606 930 3657 commentarii
953 3606 982 3654 in
1001 3603 1089 3654 altero
1108 3604 1274 3670 gromatico·

366 3682 420 3720 mm
447 3675 588 3726 volumine
618 3675 730 3726 collecti
759 3678 823 3724 sunt
851 3672 960 3723 illorum
984 3672 1148 3737 scriptorum
1179 3670 1274 3721 laudes
1319 3667 1325 3674 “

366 3747 502 3796 uexerunt.

430 3809 456 3870 2)
473 3811 506 3863 V.
524 3810 647 3862 (11111111.
667 3811 695 3860 11
713 3826 739 3875 p.
760 3812 807 3861 101
827 3825 847 3860 1.
