3534 4400
353 395 434 481 [138]
617 418 778 459 nxonnrra
800 420 841 459 ux
864 417 1004 459 1s1uono.
1210 392 1271 461 139

418 548 449 610 2.
473 550 537 611 Duo
561 548 666 610 calculi
688 552 808 611 ceratim
832 550 953 611 faciunt.

416 650 447 721 3.
472 650 617 723 Quattuor
640 650 742 712 calculi
764 653 823 713 sire
846 652 905 712 duo
928 652 1048 713 ceratim
1064 650 1185 713 obolum
1201 654 1269 714 red·

349 754 437 816 dunt.

416 853 448 917 4.
470 854 533 916 Duo
557 854 637 915 oboli
658 853 822 935 scripulum
845 854 1003 935 complent.
1049 879 1051 882 ·

416 955 448 1019 5.
473 956 546 1017 Tres
569 950 691 1034 scripuli
714 955 867 1035 dragmam
890 958 1009 1028 faciunt.
1282 967 1304 1015 ‚5

415 1056 446 1120 6.
471 1059 598 1136 Dragma
627 1077 703 1138 quae
731 1066 846 1119 constal
875 1060 988 1137 siliquis
1017 1060 1044 1119 ll
1071 1066 1100 1120 et
1127 1059 1206 1130 Vlll,
1242 1068 1271 1120 et

350 1160 502 1241 scripulus
531 1161 581 1238 qui
610 1167 655 1220 est
682 1178 717 1221 er
745 1160 856 1240 siliquis
879 1178 945 1230 sex,
976 1168 1005 1222 et
1027 1159 1132 1223 obolus
1155 1163 1203 1240 qui
1227 1169 1272 1222 est

350 1282 387 1323 ex
411 1261 518 1333 tribus,
543 1262 735 1342 quadrantem
759 1262 889 1323 efficiunt
911 1264 1111 1324 coutinentem
1134 1264 1163 1323 in
1184 1282 1216 1324 sc
1232 1265 1270 1324 si-

355 1362 452 1444 liquas
473 1362 586 1423 XXVll.

416 1464 449 1526 7.
472 1465 537 1526 Dno
559 1465 738 1544 quadrantes
761 1472 901 1527 staterem
923 1466 1043 1527 iaciunt.
1288 1473 1321 1521 10

415 1564 448 1627 8.
471 1567 537 1628 Duo
559 1575 683 1628 stateres
705 1567 822 1627 unciam
844 1567 997 1628 reddunt·

414 1666 448 1729 9.
470 1667 554 1729 iuxta
570 1666 668 1729 Gallos
689 1670 829 1745 vigesima
852 1686 921 1747 pars
943 1670 1046 1729 unciae
1062 1668 1201 1730 denarius
1217 1675 1269 1738 est,

351 1780 381 1833 et
402 1769 561 1832 duodecim
584 1766 698 1831 denarii
720 1768 846 1832 solidum
867 1769 1004 1831 reddunt.
1042 1770 1169 1850 ideoque
1189 1771 1269 1829 iuxta

353 1890 514 1933 nnmerum
542 1872 731 1933 denariorum
764 1879 826 1932 tres
860 1873 965 1932 unciae
998 1873 1128 1950 quinque
1161 1869 1270 1932 solidos

355 1964 514 2052 complent.
558 1976 601 2034 sic
630 1980 659 2033 et
686 1976 816 2053 quinque
844 1972 929 2034 solidi
957 1974 986 2034 in
1015 1980 1076 2034 tres
1097 1975 1200 2034 uncias
1222 1991 1268 2033 re·
1289 1980 1321 2027 15

352 2076 455 2137 deunt.
494 2092 562 2135 nam
585 2074 741 2135 duodecim
763 2076 869 2136 unciae
883 2073 990 2135 libram
1005 2074 1059 2136 llll
1073 2074 1184 2136 solidos
1199 2093 1270 2135 con·

355 2179 498 2239 tinentem
514 2176 653 2238 efficiunt.
692 2177 744 2238 sed
767 2184 883 2240 veteres
905 2176 1030 2238 solidum
1053 2179 1104 2256 qui
1125 2194 1203 2238 nunc
1218 2194 1269 2237 au-

357 2297 426 2341 reus
449 2278 562 2350 dicitur,
579 2279 798 2359 nuncupabant.

420 2413 471 2476 10.
493 2415 580 2476 Libra
605 2414 711 2474 dicitur
733 2415 872 2494 quicquid
893 2432 948 2493 per
964 2413 1139 2476 duodenarii
1155 2414 1270 2473 numeri

356 2517 577 2601 perlectionem.
593 2515 777 2594 adimpletur.
818 2535 887 2576 nam
909 2515 984 2575 libra
1014 2515 1071 2575 dici
1097 2521 1197 2594 potest
1218 2531 1270 2573 au·
1288 2521 1321 2568 20

357 2638 420 2689 uus,
445 2620 497 2696 qui
520 2625 634 2679 constat
657 2636 693 2678 ex
715 2618 767 2678 llll
789 2616 974 2696 temporibus
996 2624 1025 2676 et
1041 2615 1094 2677 Xll
1109 2614 1269 2682 mensibus,

356 2728 385 2781 et
408 2740 442 2782 ex
466 2720 490 2780 L
512 2719 626 2780 duabus
649 2719 861 2782 ebdomadibus
885 2729 914 2780 et
936 2719 984 2779 die
1005 2716 1068 2778 ivel
1097 2702 1269 2797 quadradte.

357 2821 430 2882 libra
460 2841 524 2883 esse
552 2828 650 2900 potest
666 2820 900 2899 aequinoctialis
929 2820 992 2881 dies
1014 2821 1077 2880 siue
1099 2837 1151 2879 sna
1173 2824 1269 2886 nocte,

357 2925 407 3002 qui
436 2929 553 2985 constat
579 2923 632 2983 Xll
659 2924 750 2984 boris.
795 2924 867 2983 hora
897 2929 1014 2984 constat
1042 2941 1076 2982 ex
1099 2920 1123 2978 V
1144 2921 1270 3000 punctis,

357 3023 380 3084 ll
402 3025 539 3108 minutis,
563 3024 613 3085 XV
634 3024 776 3103 partibus,
801 3023 851 3084 XL
873 3025 1040 3092 momentis,
1064 3023 1114 3082 Lll
1136 3023 1269 3082 ostentis.
1289 3027 1322 3074 25

359 3125 430 3187 hora
458 3133 557 3187 autem
587 3126 644 3186 diei
672 3126 834 3188 secundum
864 3124 934 3186 solis
957 3142 1077 3185 cursum
1100 3122 1123 3181 V
1145 3129 1272 3202 punctos

359 3226 460 3299 habet,
488 3229 569 3289 iuxta
596 3227 696 3288 lunam
720 3227 781 3288 llll.
826 3245 895 3288 narn
925 3225 1002 3286 libra
1024 3227 1055 3285 in
1076 3222 1270 3302 ponderibus,

360 3319 563 3391 in'mensuris
591 3327 733 3390 arborum
762 3329 807 3389 vel
836 3329 929 3406 spatio
955 3335 1104 3388 terrarum
1127 3323 1171 3385 vel
1194 3331 1271 3385 statu

361 3427 498 3499 hominis,
527 3448 582 3509 per
610 3430 741 3492 diversas
768 3421 924 3490 mensuras
951 3430 982 3488 in
1009 3426 1191 3489 duodenario
1217 3443 1271 3484 nu-

362 3546 441 3590 mero
464 3532 667 3610 conprehendi
689 3538 795 3609 potest.

429 3769 468 3819 12.
487 3769 606 3820 dinarius
627 3770 648 3821 G
666 3767 694 3835 (e
712 3787 747 3821 eac
765 3771 775 3819 i
790 3767 873 3832 sacto)
948 3771 990 3819 22.
1008 3765 1065 3832 vel]
1086 3769 1141 3829 leqe
1161 3767 1189 3812 et
