3534 4400
473 396 518 461 44
647 396 650 399 ’
782 416 1016 461 nsouaoounnn
1038 418 1071 459 ru

474 554 532 611 lare
549 555 675 612 volumen
690 554 840 629 colligatas.
872 556 995 611 Pertinet
1009 555 1094 626 igitur
1111 552 1179 610 haee
1194 569 1262 627 quae
1278 562 1391 611 servata

475 646 519 695 est
540 647 663 697 vetustae
680 641 811 697 versionis
832 658 896 715 pars
911 638 944 696 ab
961 638 1038 695 initio
1054 638 1116 695 lilrri
1126 638 1302 712 Epiphaniani
1315 637 1392 713 (pa

475 723 517 781 ed.
528 723 659 795 Diodori.)
670 742 755 800 paene
771 726 907 798 usquead
923 722 1013 792 finem,
1029 740 1091 779 narn
1107 730 1171 797 post
1184 721 1279 779 talenti
1295 722 1396 779 delini·

475 810 575 865 donem
591 808 629 882 (p.
641 809 681 866 32
699 828 737 866 vs.
751 809 791 866 16
801 808 888 880 Diod.)
902 802 989 883 patira
1003 806 1146 865 admodum
1162 808 1190 863 in
1204 806 1306 864 Graeco
1322 824 1396 864 eon·

475 901 551 949 textu
569 893 707 967 leguntur.
741 893 813 967 Ergo
836 893 928 951 differt
950 893 1041 949 eadem
1061 892 1094 949 ab
1115 908 1145 949 ea
1161 893 1286 949 versione
1305 910 1393 965 quam

473 993 525 1034 nos
544 977 677 1035 edidimus
691 978 737 1049 (ir.
755 977 837 1050 122),
856 994 926 1052 quae
944 985 1046 1034 tantum
1060 991 1200 1035 mensuras
1219 994 1251 1035 aa
1265 976 1394 1050 pondera

474 1062 613 1133 continet,
637 1078 693 1119 non
711 1062 832 1136 reliquas
852 1081 897 1120 res
913 1079 978 1119 sane
994 1061 1124 1119 alienasa
1142 1064 1286 1137 proposita
1302 1060 1393 1135 (prol.

475 1145 569 1217 sut).
601 1147 653 1203 Sed
674 1148 781 1205 redeam
804 1148 837 1211 ad
859 1155 1018 1222 apparatum
1038 1146 1162 1203 Danielis.
1194 1146 1280 1203 Huius
1301 1147 1394 1218 igitur

474 1229 578 1287 codicis
592 1233 780 1307 apographum
795 1232 861 1289 lacit
877 1234 992 1307 primam
1007 1239 1112 1305 partem
1129 1231 1204 1287 illius
1226 1230 1391 1288 voluminis:

473 1316 598 1389 sequitur
611 1315 643 1371 L.
654 1317 752 1373 nmaei
772 1316 889 1391 epistula
910 1317 1019 1374 Genabo
1041 1316 1074 1372 ad
1094 1315 1213 1388 Ligerim
1233 1316 1309 1387 dala,
1333 1332 1396 1389 qua

457 1399 520 1455 ‚ille
536 1401 657 1457 ostendit
673 1418 703 1458 se
720 1402 908 1476 apographum
923 1400 1059 1458 adaniele
1076 1402 1187 1457 missum
1203 1402 1261 1457 suis
1276 1400 1395 1457 adnota-

475 1484 596 1540 tionibus
610 1494 720 1543 auelum
733 1480 908 1558 remisisse²).
939 1488 1006 1543 Turn
1021 1485 1088 1543 haee
1103 1485 1291 1541 inveniuntur:

537 1568 568 1625 ll.
584 1568 681 1627 lolium
702 1563 808 1628 formae
826 1580 936 1629 octavae
957 1572 1010 1627 hoa
1031 1570 1111 1627 tilulo
1126 1570 1192 1627 ‘aa
1210 1588 1236 1625 a.
1252 1570 1314 1627 cod.
1331 1570 1394 1625 Er-

475 1656 535 1711 riai
548 1654 675 1712 Memmia·
694 1656 804 1713 Volusii
817 1656 961 1714 dletiani'.
1327 1674 1331 1689 ·

537 1739 578 1796 lll.
594 1741 649 1797 duo
664 1740 731 1798 lolia
746 1742 851 1799 formae
861 1742 985 1798 maioris:
1001 1736 1125 1797 ‘Isidori
1134 1740 1264 1795 lenioris
1280 1738 1391 1813 Hispa-

475 1826 563 1882 lensis
579 1825 720 1898 Episcopi
737 1825 781 1882 De
801 1825 980 1883 Ponderibus
1002 1841 1039 1880 ea
1052 1825 1081 1881 X
1086 1824 1125 1880 Vl
1139 1824 1215 1882 libro
1229 1825 1389 1899 Elgmalog.

476 1926 542 1982 cap.
556 1907 617 1964 24’.
647 1910 783 1968 Adnotata
799 1919 841 1967 est
857 1912 928 1967 varia
944 1911 1035 1967 nescio
1053 1926 1168 1984 quorum
1182 1911 1305 1977 aodiaum
1319 1910 1393 1967 sori·

475 2002 563 2068 ptura.

537 2076 581 2133 lV.
599 2077 695 2134 lolium
710 2095 804 2148 uuum,
819 2079 866 2136 uhi
878 2077 959 2149 sollis
974 2088 1001 2137 et
1014 2073 1170 2153 μιλιάριον
1186 2078 1278 2151 (immo
1289 2074 1390 2152 μιλια-

475 2154 585 2237 ρίειον)
603 2162 780 2238 explicantur.

543 2427 570 2493 2)
588 2429 649 2479 Hoa
669 2435 710 2480 est
729 2431 865 2496 epistulae
877 2431 1000 2482 initium:
1019 2433 1051 2484 P.
1063 2433 1168 2482 Danieli
1181 2432 1277 2496 Togata
1296 2438 1323 2481 et
1337 2431 1390 2482 sibi

474 2497 582 2549 clariss.
602 2495 607 2560 Ι
625 2498 658 2551 L.
677 2494 799 2549 Danaeus
815 2501 842 2549 in
860 2499 961 2550 Christe
978 2514 999 2552 a.
1016 2516 1043 2564 p.
1060 2501 1094 2550 D.
1111 2497 1115 2562 Ι
1135 2501 1242 2552 Remitto
1261 2499 1297 2548 ad
1313 2505 1337 2548 le
1355 2501 1392 2550 mi
1438 2561 1443 2570 .

476 2566 569 2615 Daniel
596 2581 650 2615 eam
679 2584 751 2632 qaam
773 2569 806 2617 de
828 2567 977 2632 Epiphanio
1000 2567 1132 2618 Ancoralo
1153 2569 1274 2618 -Lalinam
1299 2567 1390 2629 fecisti

470 2641 573 2698 partem
595 2649 660 2699 gnae
682 2637 753 2699 agad
773 2651 811 2685 me
832 2639 933 2702 reliqna
954 2641 1020 2686 erat.
1057 2629 1121 2701 guae
1143 2638 1167 2686 si
1183 2637 1289 2698 diutius,
1313 2651 1388 2700 qnam

473 2717 610 2766 sperares,
635 2717 652 2751 a
668 2718 706 2752 me
723 2709 825 2754 retenta
842 2711 894 2762 eet,
923 2705 952 2754 id
968 2718 1019 2754 non
1035 2710 1086 2753 lam
1104 2705 1140 2754 ini
1160 2702 1290 2759 odfiaioni,
1313 2719 1388 2767 gaam

473 2784 544 2819 meae
559 2771 682 2833 pigritiae
700 2777 726 2819 et
742 2771 837 2834 ingenii
852 2773 962 2821 ruditati
979 2769 1089 2833 trinam,
1108 2773 1223 2837 quoniam
1241 2769 1290 2833 (an
1307 2769 1387 2836 gaal)

474 2838 503 2886 id
525 2851 575 2885 non
601 2837 756 2901 assequebar
776 2839 856 2901 facile
887 2839 955 2904 gaad
984 2841 1065 2889 mallis
1088 2840 1115 2888 in
1138 2841 1202 2890 loeis
1225 2837 1387 2892 accurrebat.

473 2903 616 2953 Emendavi
631 2906 711 2968 igitar
727 2906 814 2962 malta,
836 2908 885 2955 sed
906 2908 963 2956 dum
985 2908 1011 2955 in
1029 2909 1097 2956 calce
1116 2914 1174 2956 inae
1191 2906 1315 2957 versionis
1332 2921 1386 2955 aer·

409 2972 420 2982 '
473 2985 558 3033 saner,
581 2985 639 3020 ecee
657 2986 671 3020 e
688 2974 785 3022 nostrie
805 2974 934 3024 stowam
960 2975 1060 3040 guidam
1077 2974 1249 3039 Epignomum
1270 2979 1348 3023 latren
1371 2987 1387 3024 a

474 3039 542 3118 Iano
561 3038 686 3090 carnario
702 3040 797 3090 Latine
813 3042 963 3105 iampridem
978 3043 1073 3105 saetam
1090 3045 1182 3094 attulit.
1217 3041 1252 3091 In
1270 3057 1320 3106 gua
1337 3043 1388 3106 legi

473 3110 1386 3242 :trtlttt‘llltltttlt,ttritett‘nditttt‘ttl

474 3242 552 3291 edere
570 3243 599 3290 in'
613 3243 695 3306 ipsam
714 3242 832 3293 Carmanii
848 3248 988 3296 versionem
1004 3247 1131 3296 malueris.
1166 3243 1209 3308 Ad
1227 3259 1298 3309 quae
1315 3243 1386 3294 Use-

473 3323 556 3358 neruo
581 3309 653 3360 haee
680 3315 759 3360 naute
789 3310 945 3364 adnotavit:
980 3313 1096 3363 Hieram
1121 3314 1180 3378 gelet
1201 3313 1301 3370 nemer,
1325 3313 1387 3362 dass

472 3378 594 3427 Danaeas
617 3378 667 3428 den
684 3379 799 3444 Austrag
817 3382 863 3431 des
880 3380 912 3434 P.
930 3381 1025 3431 Daniel
1039 3395 1105 3444 ganz
1125 3381 1209 3445 salsole
1231 3381 1386 3432 nerstanden

472 3444 554 3496 laben
570 3459 644 3495 mass.
679 3447 729 3496 Die
746 3447 952 3512 vernergelrende
969 3448 1104 3513 Abaclrift
1122 3450 1242 3500 dementi.
1260 3446 1291 3496 A·
1302 3448 1334 3498 57
1352 3448 1387 3498 ist

472 3529 521 3564 nan
537 3514 659 3565 Danaena
678 3530 744 3579 ganz
766 3515 972 3582 dareleorrigirl
994 3513 1070 3578 (aaran
1085 3515 1252 3582 gelegentlich
1268 3516 1313 3565 mil
1331 3515 1386 3564 An·

472 3580 625 3646 merkungen
645 3583 781 3647 nerseden,
802 3599 824 3633 z.
842 3582 877 3636 B.
894 3585 977 3648 gleirlt
994 3581 1043 3634 iol.
1062 3586 1076 3632 1
1095 3585 1158 3635 iiber
1181 3585 1236 3635 dem
1257 3583 1323 3634 litet
1341 3583 1387 3633 des

471 3649 574 3701 Barnea
590 3648 766 3714 Aneyrotua),
783 3650 903 3716 offendar
920 3659 995 3702 anter
1012 3653 1060 3700 der
1081 3652 1302 3716 Varaassetzang,
1326 3652 1387 3700 dass

472 3718 504 3770 P.
527 3717 621 3767 Daniel
642 3720 684 3770 die
706 3717 899 3782 (nenmeintlied)
926 3719 1004 3770 sedbel
1028 3718 1166 3786 gefertigte
1193 3719 1304 3772 Versian
1331 3719 1387 3768 dem

470 3785 646 3852 grieelriselen
666 3787 751 3850 Teete
772 3788 812 3836 als
833 3785 1011 3850 Erlaaternng
1026 3787 1172 3854 gegeniiber
1188 3789 1278 3838 stellen
1294 3787 1364 3838 wall.
