3534 4400
661 325 862 371 soerrroaas
878 326 1044 373 comanos.
1268 309 1310 373 23

380 468 452 523 dem
479 466 615 522 sententia
634 464 784 521 Dardanius
811 466 863 521 iste
890 464 1059 540 appelletur,
1091 467 1220 541 quoniam
1243 466 1310 540 Lydi

383 549 551 607 auctoritati
573 549 676 606 accedit
690 547 897 623 Guelferbytani
918 550 1019 607 codicis
1040 553 1176 626 scriptura
1198 550 1225 607 in
1248 567 1310 607 ean·

383 636 455 692 dem
468 634 583 691 sormam
600 628 812 704 consentiens)
842 634 897 690 Sed
914 642 1004 691 tamen
1020 635 1092 692 illam
1110 635 1224 703 sormam
1241 652 1310 709 quae

385 736 466 776 nunc
486 718 608 775 omnium
628 735 682 775 usu
698 718 787 775 lertur
801 734 856 775 non
872 720 951 793 prius
963 718 1146 777 'obiiciendum
1161 736 1222 777 esse
1237 720 1310 790 duri,

387 820 475 877 quam
506 800 621 860 aliorum
649 802 749 859 iudicio
775 800 843 859 haec
867 820 927 860 mea
952 802 1309 877 coniectura-probaretur.

388 889 464 944 Tum
484 886 516 942 de
536 886 651 943 Dardani
672 895 760 969 aetate
781 888 975 961 quaerentibus
996 890 1062 949 satis
1082 895 1190 947 constat
1214 887 1311 944 vixisse

389 988 457 1030 eum
472 972 635 1045 scriptorem
653 970 794 1045 aliquanto
809 979 874 1046 post
890 972 1061 1030 Constantini
1077 978 1212 1046 tempora,
1227 972 1253 1028 id
1270 979 1312 1029 est

388 1063 494 1131 quarto
517 1054 625 1112 saeculo
648 1065 764 1111 exeunte
779 1053 820 1111 vel
842 1058 953 1113 ineunte
968 1050 1102 1133 quinto⁴).
1127 1056 1252 1130 ¹Scripsit
1266 1074 1313 1111 au-

390 1149 461 1209 tem,
476 1145 508 1195 ut
521 1135 640 1214 Lydus⁵)
658 1139 749 1209 tradit,
764 1139 797 1197 de
813 1140 998 1214 ponderibus,
1015 1158 1069 1215 quo
1086 1159 1119 1199 ex
1135 1140 1206 1197 libro
1223 1150 1251 1196 et
1266 1140 1312 1196 illa

389 1234 503 1282 serrata
525 1232 590 1280 sunt
613 1240 683 1297 quae
703 1224 860 1282 Priscianus
881 1226 1026 1298 exscripsit
1049 1224 1092 1297 (de
1113 1224 1159 1299 fig.
1178 1224 1196 1296 S
1214 1224 1263 1296 10)
1285 1220 1335 1281 el'

389 1310 462 1365 haec
478 1307 577 1381 abydo
593 1308 715 1364 laudata:
736 1303 756 1367 b
772 1303 808 1367 δὲ
816 1302 1002 1382 Δαρδάνιοε
1019 1303 1054 1368 ἐν
1073 1310 1119 1388 τῷ
1136 1304 1208 1381 περὶ
1223 1308 1311 1367 crob-

389 1390 465 1467 μῶν
486 1387 596 1465 χιλίων
618 1386 750 1465 ὀβολῶν
771 1386 855 1462 λέγει
872 1387 970 1452 πάλαι
988 1388 1133 1463 γενέεθαι
1153 1389 1190 1451 τὸ
1212 1389 1311 1467 μιλια-

392 1471 498 1551 pictor
512 1471 563 1535 καὶ
578 1470 644 1537 ἀπὸ
659 1473 714 1549 τῆς
729 1471 872 1550 χιλιάδος
888 1476 954 1536 τῶν
970 1472 1101 1550 ὀβολῶν
1114 1472 1219 1543 οὕτω(
1234 1471 1311 1537 ὀνο-

389 1558 558 1635 μαεθῆναι.
588 1561 661 1631 Quae
675 1578 730 1617 non
748 1570 823 1619 recte
839 1561 872 1617 ab
891 1560 939 1617 illo
955 1562 1056 1636 scripta
1068 1578 1128 1617 esse
1139 1579 1189 1618 nos
1201 1562 1314 1617 meliora

390 1646 488 1703 edocti
508 1648 561 1702 iam
582 1654 752 1720 compertum
774 1644 922 1715 babemus,
952 1662 1003 1702 nec
1023 1648 1109 1718 magis
1130 1645 1241 1719 probari
1263 1646 1314 1699 ista

391 1737 515 1803 possunt
541 1746 720 1803 quaecunque
745 1729 817 1803 apud
838 1728 1007 1786 Priscianum
1033 1729 1137 1786 diversa
1164 1746 1177 1784 a
1200 1727 1314 1802 reliquis

390 1814 556 1872 auctoribus
570 1814 710 1871 ltardanus
728 1814 819 1870 tradit.

457 1916 494 1973 lie
514 1915 641 1989 Didymo,
670 1916 749 1971 cuius
772 1914 844 1972 libro
867 1910 940 1987 περὶ
962 1910 1017 1986 τῆς
1038 1908 1126 1987 παρὰ
1145 1907 1315 1985 Ῥωμαῖοις

392 1992 573 2069 ἀναλογία(
595 1999 752 2057 Priscianus
778 2007 806 2056 et
832 1998 885 2055 hoc
911 1998 972 2055 loco
994 2008 1022 2055 et
1042 2002 1071 2055 in
1094 1997 1314 2056 institutionibus
1394 2046 1396 2051 .

394 2085 581 2158 grammaticis
601 2082 766 2157 aliquotiens
786 2100 854 2140 usus
877 2090 935 2153 est,
962 2083 1030 2139 nibil
1052 2084 1111 2157 ipse
1131 2083 1218 2140 liabeo
1241 2082 1315 2156 quod

393 2170 511 2240 addam,
527 2169 655 2244 quoniam
671 2170 697 2224 iu
713 2166 839 2224 omnibus
854 2166 911 2224 iere
928 2167 1081 2243 adstipulor
1097 2167 1129 2224 H.
1144 2166 1250 2238 lleilio,
1267 2166 1314 2241 qui

375 2261 463 2328 ‘post
476 2253 699 2311 bismannum
715 2269 810 2310 novam
825 2253 858 2309 de
875 2269 908 2308 eo
925 2254 1060 2327 scriptore
1071 2253 1258 2326 quaestionem
1275 2255 1316 2306 in·

394 2340 498 2396 stituit.
528 2338 603 2396 Unde
622 2337 667 2394 bic
681 2337 807 2412 Didymus
829 2353 884 2414 uon
901 2337 1095 2394 Chalcenterus
1118 2337 1164 2393 ille
1189 2337 1315 2410 plurimis

395 2424 512 2498 scriptis
528 2422 645 2491 nobilis,
667 2422 797 2479 sed'civis
812 2421 966 2491 Romanus,
987 2421 1088 2477 Neroni
1110 2429 1137 2477 et
1153 2420 1272 2493 aequalis
1289 2427 1317 2474 et

397 2516 483 2564 notus
498 2508 584 2563 tuisse
598 2501 740 2582 videtur)
770 2503 843 2573 Quae
855 2512 946 2561 autem
959 2504 1059 2561 Graeca
1071 2504 1152 2560 verba
1162 2503 1331 2583 Priscianus?

468 2738 494 2802 3)
513 2738 552 2788 Ut
569 2735 726 2802 Aopbdvtoc
751 2736 854 2802 legitur
877 2734 951 2800 apud
973 2733 1092 2798 Lydum,
1117 2735 1158 2785 ita
1177 2733 1318 2784 Gudianus

398 2807 489 2858 codex
512 2807 561 2857 132
592 2822 623 2857 eo
646 2805 709 2857 loco
733 2806 781 2870 qni
804 2803 877 2870 apud
901 2802 1023 2854 Keilium
1047 2807 1089 2854 est
1112 2819 1139 2868 p.
1157 2804 1207 2853 409
1225 2817 1266 2852 vs.
1285 2804 1318 2852 30

397 2873 426 2938 (5
446 2873 489 2936 14)
508 2873 595 2923 habet
612 2873 743 2923 dardanii
764 2874 838 2922 etin
854 2871 1024 2936 Erlangensi
1041 2872 1190 2922 Dardanias
1209 2869 1246 2936 (p.
1258 2871 1317 2930 408,
1375 2864 1380 2878 ’

397 2941 433 2992 18
450 2939 537 3005 Keil.)
568 2944 723 2990 correctum
753 2944 795 2990 est
824 2939 859 2990 ab
882 2939 974 2990 altera
996 2954 1079 2988 manu
1104 2938 1188 3002 (Keil.
1212 2941 1320 3002 quaest.

397 3010 516 3076 gramm.
541 3024 568 3073 p.
586 3009 602 3059 8
621 3005 707 3070 adn).
747 3007 787 3056 Ac
809 3007 895 3056 multo
918 3006 1091 3072 probabilius
1115 3009 1157 3056 est
1180 3007 1321 3054 Dardanae

398 3092 450 3142 pro
467 3077 618 3126 Dardanius
640 3089 727 3140 prave
750 3075 883 3140 scriptum
902 3089 918 3122 a
936 3073 1059 3123 librariis
1077 3071 1196 3137 Vergilii
1219 3087 1318 3122 memo·

397 3144 492 3206 ribus,
513 3159 595 3208 quam
614 3147 710 3193 contra
728 3142 781 3192 hoc
801 3141 901 3193 exilio
920 3146 1077 3206 corruptum
1096 3155 1165 3194 esse.
1326 3179 1327 3184 ,
1368 3193 1370 3199 ,

468 3210 496 3273 4)
528 3209 608 3260 Ocni.
638 3211 725 3260 Henr.
756 3208 829 3260 Keil.
860 3210 1038 3271 quaestiones
1068 3211 1212 3274 grammat.
1240 3223 1266 3272 p.
1293 3210 1318 3269 9,

397 3279 562 3331 Mommsen.
580 3277 735 3330 histrioni.
754 3277 796 3326 rei
813 3291 913 3326 numm.
926 3293 951 3342 p.
966 3279 1023 3339 190,
1042 3280 1168 3325 nostrum
1185 3289 1321 3325 commen·

398 3346 503 3396 tarium
520 3347 550 3394 in
568 3344 669 3396 Philol.
688 3361 715 3410 p.
734 3347 783 3395 207
804 3343 908 3410 admi.

470 3413 497 3474 5)
515 3415 559 3463 De
577 3412 719 3462 mensibus
736 3414 762 3475 4,
781 3414 797 3461 9
816 3415 885 3460 extr.

469 3479 498 3543 6)
515 3481 549 3532 V.
568 3479 658 3530 Keilii
679 3483 787 3545 quaest.
806 3493 919 3544 gramm.
938 3495 965 3544 p.
986 3480 1017 3529 10
1041 3477 1166 3542 (Didymi
1186 3477 1284 3542 fragm.
1305 3488 1321 3524 a

401 3546 556 3598 Schmidtio
584 3547 703 3598 collecte
720 3563 747 3612 p.
766 3545 905 3608 ata—49).
929 3571 963 3582 -·
988 3547 1141 3596 Praeterea
1169 3544 1215 3594 hic
1245 3543 1322 3594 locus

403 3629 465 3665 ease
482 3615 602 3677 videtur,
621 3618 652 3664 ut
671 3629 879 3666 commemorem
892 3629 934 3664 me
954 3612 1078 3664 consulto
1091 3614 1120 3661 in
1133 3613 1223 3677 priore
1242 3610 1322 3660 huius

403 3681 469 3732 libri
486 3681 627 3732 volumine
645 3697 700 3733 non
716 3682 901 3747 quaesivisse,
921 3696 985 3730 num
997 3680 1130 3744 Didymus
1142 3678 1190 3728 ille
1203 3678 1322 3728 Alexan-
