3534 4400
499 382 540 446 78
743 400 818 445 noer
839 402 859 443 s
882 400 983 444 rssro
1005 401 1048 443 nr
1070 399 1182 443 eruco
1340 378 1411 463 [117]

498 536 588 597 matio
621 532 767 614 pecoralis
795 532 920 603 multae,
957 539 987 593 et
1014 531 1104 593 boves
1132 533 1264 591 centenis
1294 530 1410 601 assibus,
1480 587 1481 598 ,

498 652 566 696 oves
595 635 678 697 denis
706 635 886 695 aestimatae.
930 632 999 694 inde
1021 650 1160 712 suprema
1182 631 1291 702 mnu,
1321 632 1412 692 idest
1480 651 1483 748 q

498 737 640 805 maxima,
675 733 840 814 appellatur
874 735 932 795 tria
960 732 1040 794 milia
1066 734 1153 795 aeris.
1198 734 1270 794 item
1299 733 1411 794 vicessis
1481 758 1483 788 r

496 835 662 896 minoribus
684 833 808 895 delictis.
1481 849 1482 872 1

463 936 478 985 5
562 935 654 1017 [222]
674 940 843 1011 Parasangae
859 938 932 1013 apud
945 938 1044 995 Persas
1059 939 1163 994 viarum
1178 952 1334 995 mensurae.

562 1033 669 1116 [237⁸]
684 1034 842 1098 Peculatus
864 1034 976 1096 furtum
991 1034 1145 1113 publicum
1159 1034 1220 1096 dici
1235 1041 1359 1114 coeptus
1373 1044 1412 1095 est

496 1156 514 1198 a
535 1154 659 1215 pecore.
682 1137 750 1215 quia
772 1135 867 1197 abeo
888 1136 1005 1197 initium
1021 1136 1085 1197 eins
1098 1134 1211 1196 fraudis
1227 1153 1294 1197 osse
1310 1137 1411 1212 coepit,
1482 1135 1483 1162 ¹

496 1237 640 1315 siquidem
663 1246 731 1297 ante
754 1255 804 1298 aes
826 1246 876 1297 aut
897 1243 1053 1313 argentum
1077 1236 1224 1315 signatum
1248 1234 1287 1296 ob
1311 1234 1411 1296 delicta

495 1354 592 1416 poena
615 1338 786 1416 gravissima
807 1345 872 1397 erat
895 1337 1022 1397 duarum
1044 1337 1142 1398 ovium
1157 1343 1187 1397 et
1201 1334 1284 1397 XXX
1298 1335 1410 1397 bovum.
1482 1341 1483 1352 ¹

446 1441 478 1488 10
497 1456 531 1498 ea
553 1437 618 1516 lege
641 1426 804 1499 sanxerunt
825 1438 859 1498 T.
875 1438 1031 1499 Menenius
1052 1438 1181 1498 Lanatus
1203 1438 1289 1499 etP.
1304 1437 1413 1499 Sestius

497 1537 677 1617 Capitolinus
703 1539 850 1601 consules.
896 1555 972 1617 quae
993 1538 1139 1618 pecudes,
1167 1546 1327 1617 postquam
1348 1555 1411 1598 aere
1449 1553 1452 1566 ¹

496 1640 610 1717 signato
639 1642 683 1702 uti
710 1642 809 1719 coepit
837 1638 967 1719 populus
994 1638 1160 1707 Romanus,
1195 1638 1324 1719 Tarpeia
1351 1637 1410 1716 lege
1483 1695 1484 1702 ,

497 1749 615 1804 nautum
638 1748 697 1811 est,
720 1748 753 1801 ut
769 1740 823 1803 hos
839 1738 1041 1810 centussibus,
1064 1741 1126 1800 ovis
1141 1738 1318 1801 decussibus
1333 1740 1411 1801 aesti-
1430 1725 1434 1735 ’

495 1851 636 1901 moretur.

446 1944 477 1991 15
561 1939 653 2020 [208]
680 1946 800 2001 Pendere
822 1961 926 2019 poenas
948 1945 1054 2002 solvere
1076 1943 1211 2017 significat
1233 1944 1268 2001 ab
1289 1961 1328 2006 eo,
1345 1942 1411 2019 quod

495 2044 557 2084 aere
582 2031 656 2101 gravi
678 2045 740 2085 oum
759 2036 904 2085 uterentur
919 2028 1050 2099 Romani,
1070 2045 1156 2103 penso
1174 2045 1224 2099 eo,
1249 2045 1306 2085 non
1325 2044 1411 2087 nume

495 2120 555 2169 rato
571 2111 691 2169 debiturn
708 2111 863 2169 solvebant:
884 2112 955 2169 unde
971 2112 1052 2170 etiam
1068 2112 1216 2187 pensiones
1233 2114 1332 2171 dictae.

560 2205 669 2290 [246¹]
692 2207 802 2270 Pondo
830 2208 945 2270 libram
973 2209 1136 2292 dicebant,
1168 2211 1253 2290 qnod
1281 2210 1411 2273 solebant
1485 2197 1487 2309 J

494 2313 553 2372 iam
568 2310 637 2371 inde
652 2329 669 2371 a
684 2311 782 2372 Romo
804 2309 933 2388 condito
955 2329 1012 2372 occ
1034 2310 1224 2391 appendere,
1250 2330 1320 2372 cnm
1341 2330 1409 2373 non·
1485 2316 1487 2397 Ι

444 2415 477 2464 20
495 2412 566 2472 dnm
589 2413 703 2489 argenti
725 2412 831 2490 signati
853 2411 935 2474 ullus
957 2430 1034 2473 nono
1056 2417 1148 2488 esset,
1172 2412 1257 2491 qnod
1272 2414 1409 2494 antiqno·
1485 2406 1486 2463 i

494 2531 563 2574 rum
584 2511 724 2591 publicae
746 2520 776 2574 et
797 2514 928 2591 privatae
949 2514 1091 2575 rationes
1106 2514 1282 2574 etiamnunc
1297 2515 1409 2575 docent.

558 2611 671 2695 [lusu]
696 2613 817 2675 Publica
844 2616 979 2694 pondera
1008 2614 1053 2674 ud
1079 2614 1246 2694 legitimum
1274 2631 1411 2677 norman

494 2723 610 2776 coneto
636 2715 739 2792 fnisse
767 2735 805 2776 ex
833 2734 867 2776 ea
896 2735 983 2777 musa
1010 2716 1113 2776 lunius
1140 2717 1171 2775 iu
1287 2715 1408 2796 colligit

494 2815 573 2893 quod
603 2815 661 2876 dno
691 2815 753 2877 Silii
779 2816 812 2876 P.
837 2825 866 2876 et
892 2817 931 2877 Μ.
959 2815 1071 2877 tribuni
1098 2815 1179 2895 plebi
1206 2818 1344 2892 rogarint
1369 2817 1410 2876 his

443 2918 476 2968 25
495 2914 609 2976 verbis:
639 2920 688 2975 *ex
716 2914 898 2992 ponderibus
920 2915 1061 2994 publicis,
1091 2915 1199 2995 quibus
1221 2915 1278 2977 bac
1300 2924 1409 2996 tempe·

494 3023 569 3077 state
595 3013 722 3095 populus
745 3017 838 3078 oetier
862 3016 941 3098 [qui]
962 3015 1054 3087 solet,
1085 3016 1166 3120 [nti]'
1181 3027 1361 3097 coaequator
1381 3035 1409 3076 se

495 3153 700 3171 -ν-·-··’····“-·

424 3301 427 3308 ¹
470 3285 473 3290 .
562 3238 586 3288 3.
606 3217 697 3286 millio
714 3238 786 3300 culpo
855 3236 979 3286 vincesis
1001 3237 1058 3288 cod.
1079 3223 1128 3301 (t),
1157 3251 1227 3287 corr.
1252 3237 1305 3288 Ure
1372 3239 1408 3286 10.

494 3333 556 3369 earn
574 3318 666 3386 legem
678 3321 743 3372 coni.
756 3320 818 3370 Mne
833 3328 944 3384 praeter
961 3321 1138 3372 necessitatem
1194 3321 1340 3372 menonius
1356 3321 1407 3372 eod.

495 3402 546 3466 (K)
618 3405 659 3453 11.
680 3403 834 3457 eos.cod.'
877 3406 918 3455 12.
930 3404 962 3455 P.
975 3404 1008 3457 R.
1020 3405 1078 3455 cod.
1143 3405 1191 3456 13.
1209 3406 1369 3456 centonibus
1386 3409 1409 3454 et

493 3486 642 3538 deensibus
660 3482 723 3540 cod.
805 3489 846 3538 16.
865 3503 943 3538 rome
962 3487 1009 3552 θ’,
1034 3491 1063 3538 ni
1080 3490 1143 3539 odd.
1164 3486 1197 3538 θ’
1264 3505 1350 3555 pense
1370 3486 1407 3549 6¹,

495 3585 580 3636 penso
601 3569 634 3622 θ’»
681 3599 684 3606 ·
736 3573 778 3622 24.
797 3571 855 3623 silli
873 3573 931 3622 nod.
1001 3571 1064 3624 trib.
1082 3571 1232 3638 pleb..cod.
1319 3576 1360 3626 te.
1378 3587 1408 3621 ex

492 3655 659 3720 ponderibus
677 3653 736 3721 cet]
755 3673 778 3708 a.
794 3656 912 3721 praefat.
991 3658 1033 3707 26.
1053 3662 1225 3722 coaequatur
1241 3657 1364 3710 sedulum
1380 3661 1407 3703 ut

492 3739 522 3790 hi
541 3739 707 3804 quadrante]
726 3743 783 3794 cod.
