3534 4400
733 358 926 423 Paternum,
1193 378 1295 427 xxuti

373 534 436 573 curn
453 515 546 571 eadem
562 517 613 573 iam
628 519 655 572 in
670 519 859 591 antiquissimo
874 517 971 575 Isidori
985 519 1055 577 libro
1071 519 1187 592 (ir.127
1201 520 1219 592 S
1233 520 1283 592 20)

365 609 502 674 corrupta
517 600 636 674 legatur.
667 602 838 678 Quapropter
853 604 940 660 altera
955 604 1036 659 huius
1052 605 1153 661 codicis
1167 607 1283 662 varietas

364 686 481 742 minime
501 685 670 758 neglegenda
691 697 749 757 est,
772 690 819 763 qui
835 687 853 759 S
872 690 909 744 11
927 688 1006 746 addat
1022 689 1124 745 dimidii
1141 689 1221 745 solidi
1235 708 1284 747 no·

364 778 433 826 tam.
466 770 537 827 daec
552 786 613 825 cum
628 762 655 827 in
671 772 764 829 codice
779 774 819 829 sic
832 773 890 829 iere
906 782 1012 829 exarata
1027 774 1078 842 sit,
1094 774 1128 829 tu
1143 773 1225 845 (coni.
1240 776 1294 829 va·'

364 856 438 911 mam
455 857 618 929 scripturam
635 856 668 912 ad
682 875 709 931 p.
727 856 803 927 122,
818 856 866 930 4),
890 858 974 913 latere
995 858 1040 913 hic
1058 858 1166 914 videtur
1180 858 1225 913 illa
1241 876 1283 914 so·

365 941 462 995 missis
476 947 542 996 uota
557 957 637 1013 quam
653 958 684 997 ex
700 942 792 998 codice
809 942 937 1000 Vaticano
959 942 1105 1017 descripsit
1119 941 1238 999 Blumius
1255 945 1282 997 in

365 1024 491 1079 Gromat„
513 1023 565 1080 vot.
587 1025 609 1081 u
628 1044 656 1099 p.
677 1025 727 1082 43.
766 1027 833 1083 'Tum
853 1046 904 1101 pro
925 1031 1007 1098 atita,
1031 1035 1160 1101 corrupta
1181 1028 1282 1084 codicis

365 1110 522 1181 scriptura,
543 1109 613 1166 haud
629 1108 709 1165 dubie
725 1111 897 1169 scribendum
913 1120 971 1167 erat
985 1118 1084 1185 aa'rqa:
1105 1113 1177 1169 coni.
1194 1112 1282 1168 Abho·

367 1210 433 1248 nem
454 1193 525 1267 apud
539 1194 685 1251 Christium
701 1214 727 1269 p.
746 1196 804 1252 141
822 1215 860 1253 vs.
879 1197 932 1253 12:
954 1202 1066 1270 ipsique
1087 1200 1202 1271 fiqurae
1224 1201 1283 1253 sie

367 1278 462 1333 batere
478 1284 617 1352 iaaqatur
631 1286 723 1353 ouirqa.

436 1363 612 1422 137-139.
632 1364 749 1421 Primam
764 1374 869 1439 partem
887 1366 1063 1439 reliquiarum
1077 1384 1108 1422 ex
1120 1367 1225 1424 Isidoro
1238 1384 1282 1423 ex-

364 1458 541 1521 cerptarum,
565 1465 634 1521 quae
650 1458 692 1505 est
706 1450 739 1505 de
753 1453 889 1507 mensuris
905 1468 1033 1523 agrorum
1049 1458 1077 1507 et
1093 1452 1222 1508 itinerum
1238 1450 1281 1525 (fr.

368 1532 456 1604 137),
472 1532 659 1591 Lachmannus
675 1537 704 1591 in
719 1535 838 1592 Grornat.
855 1554 881 1608 p.
899 1535 1075 1604 371-373,
1094 1536 1132 1593 19
1149 1537 1234 1593 edidit
1251 1553 1283 1591 ex

363 1616 429 1674 cod.
450 1616 571 1675 Gudiano
594 1619 654 1676 105
676 1616 729 1694 (G).
752 1620 854 1679 =Nobis
879 1621 981 1693 Wolsg.
1001 1616 1143 1692 Helhi'gius
1167 1620 1283 1675 contulit

361 1701 490 1759 codicem
512 1702 669 1759 Vaticanum
692 1703 774 1761 3852
796 1704 843 1759 sol.
868 1697 947 1761 1241
969 1702 1028 1777 (V).
1052 1734 1086 1743 -
1111 1704 1140 1759 In
1161 1703 1282 1759 Gudiano

364 1787 443 1843 libro
459 1787 738 1863 continuoadscripta
753 1797 818 1844 sunt
833 1788 887 1845 duo
902 1789 952 1845 alia
967 1789 1118 1861 fragmenta
1133 1804 1165 1843 es
1177 1788 1282 1845 isidoro

362 1879 506 1945 excerpta,
523 1872 640 1928 alterum
656 1873 691 1927 de
703 1874 896 1945 ponderibus,
912 1873 1027 1930 alterum
1044 1875 1079 1927 de
1092 1878 1236 1929 measarts
1251 1877 1281 1928 ia

362 1957 488 2027 liquidis
507 1956 552 2028 (ir.
570 1957 639 2014 138.
662 1957 749 2030 139),
773 1963 842 2032 quae
863 1976 916 2015 nos
938 1960 1113 2032 repetivimus
1134 1957 1281 2015 secundum

364 2041 531 2097 Lachmauni
557 2042 703 2098 editionem
726 2051 754 2099 et
774 2043 975 2112 adnotavimus,
1001 2042 1088 2099 sicubi
1109 2042 1246 2099 Gudianus
1267 2062 1281 2099 a

363 2134 465 2182 nostra
486 2128 622 2201 scriptura
644 2126 804 2203 dicreparct.
836 2129 958 2184 Vaticani
977 2136 1066 2185 autem
1082 2126 1145 2183 libri
1163 2129 1282 2185 auctori·

366 2222 426 2270 tate
447 2213 480 2267 ad
502 2213 570 2269 liaeo
592 2213 645 2268 duo
663 2213 819 2288 fragmenta
840 2215 941 2270 edenda
961 2214 1000 2269 uti
1021 2230 1076 2270 non
1091 2214 1184 2280 licuit;
1208 2215 1281 2287 quod

364 2297 441 2353 unde
462 2297 562 2353 iactum
583 2298 636 2366 sit,
656 2299 697 2353 sic
717 2301 858 2373 aptissime
880 2298 1085 2368 demonstrabo,
1112 2308 1142 2354 ut
1164 2298 1281 2372 Helbigii

363 2381 451 2438 verba
464 2381 496 2437 de
511 2398 542 2440 ea
555 2399 585 2438 re
601 2381 635 2437 ad
648 2399 691 2438 me
706 2386 807 2458 scripta
822 2392 957 2457 repetam:
973 2385 1008 2440 Ia
1024 2384 1088 2439 dem
1101 2384 1200 2438 Codes
1215 2384 1282 2438 stad

364 2468 419 2522 dte
435 2465 547 2524 Bld'tter
568 2467 720 2538 aerbet'tet,
741 2486 800 2523 was
815 2470 863 2523 de'e
879 2469 1044 2525 Uebersa'cbt
1059 2469 1282 2523 ausserordeot-

366 2551 430 2609 dieb
450 2555 613 2609 ereebwert.
632 2593 662 2608 ..
697 2553 845 2610 Nocbdem
866 2555 914 2609 icb
937 2555 993 2609 deo
1017 2553 1116 2607 Codes
1136 2552 1214 2607 Blatt
1232 2551 1283 2620 sair

364 2637 448 2692 etna
465 2638 681 2709 darcbqesedeo
696 2639 785 2708 dobe,
808 2637 856 2693 bia
871 2640 920 2704 r'cb
934 2655 970 2692 za
986 2638 1039 2692 der
1054 2636 1219 2692 Gewissbeit
1232 2651 1282 2709 qe·
1396 2701 1398 2710 Ι

365 2723 513 2792 bosamen,
537 2724 605 2778 dass
626 2723 674 2778 die
695 2724 797 2780 beiden
822 2723 958 2780 Tractare
979 2722 1012 2778 de
1033 2720 1201 2797 ponderibus
1222 2722 1282 2775 aad

364 2807 404 2862 de
423 2809 559 2864 mensuris
579 2809 608 2864 in
629 2807 738 2882 liquidis
758 2814 790 2865 e'a
805 2810 858 2863 der
874 2825 930 2864 ona
945 2808 1112 2864 Lachmaaa
1126 2808 1283 2880 berausqr-

362 2892 496 2966 qebeaea
511 2893 594 2948 Tarm
616 2894 698 2950 aicdt
718 2899 749 2949 ia
771 2895 835 2948 dem
852 2894 952 2948 Codes
975 2893 1082 2950 stebea.
1117 2891 1198 2948 Nacta
1220 2893 1283 2947 dem

364 2977 452 3033 Erebe
473 2978 523 3033 des
542 2978 691 3034 Tractates
710 2978 744 3034 de
765 2981 900 3036 mensuris
917 2975 965 3056 [ir.
985 2975 1057 3053 137]
1074 2978 1146 3051 folqt
1164 2982 1197 3033 e‘ra
1219 2979 1283 3033 dean

366 3063 471 3118 Codex
486 3069 534 3119 eia
544 3065 676 3134 Eacerpt
689 3082 743 3119 aas
758 3069 839 3119 einer
853 3063 1047 3136 Abbaodlaaq
1064 3066 1113 3118 des
1129 3064 1156 3118 b.
1170 3064 1281 3118 Eaede-

367 3151 433 3202 ra'as
453 3148 486 3204 de
507 3151 592 3205 uariis
615 3148 765 3204 uocabulis.
796 3148 857 3204 Tol.
877 3143 949 3204 109ὸ
967 3150 1082 3222 beqe'arat
1099 3151 1146 3202 eia
1164 3146 1283 3204 Tractat

364 3233 402 3288 de
418 3233 601 3309 ponderibus,
618 3234 682 3289 dem
699 3239 763 3288 eice
778 3234 972 3308 Abbaadtoaq
987 3235 1020 3290 dc
1032 3233 1149 3306 gemmis
1164 3234 1282 3288 norber-

365 3319 443 3391 qedt.
480 3319 519 3372 Er
536 3319 623 3392 fbaqt
643 3337 683 3373 aa
700 3318 855 3392 Corporalia
877 3320 949 3374 sicut
971 3321 1102 3394 scriptum
1122 3324 1164 3373 est
1184 3318 1283 3373 admis-

367 3419 474 3475 susque
493 3402 527 3460 ad
546 3405 630 3459 imum
651 3404 680 3460 in
696 3420 824 3460 mensura
840 3412 868 3459 et
885 3420 998 3460 numero
1016 3402 1176 3476 etpondere
1190 3402 1282 3475 dispo·

365 3489 423 3544 sita
449 3495 514 3544 sunt
540 3495 621 3562 atque
645 3488 770 3545 formata.
805 3489 911 3544 cunctis
939 3489 1009 3544 enim
1035 3487 1175 3560 corporeis
1199 3487 1282 3543 rebus

365 3572 476 3646 pondus
496 3580 550 3630 etc.
576 3569 662 3647 [conf.
687 3573 784 3629 isidor.
805 3573 839 3628 fr.
863 3569 1004 3646 12b,1].
1039 3572 1170 3641 Hierasos
1184 3571 1283 3644 fotqaa

368 3658 586 3732 Bemertreaqea
607 3658 680 3714 r'tber
695 3659 837 3714 Geroa'cbte
856 3662 919 3716 aad
933 3653 1071 3725 Musaeo,
1098 3657 1204 3712 madaba
1219 3673 1283 3710 aum

372 3742 454 3798 Tber't
467 3745 531 3800 tem
546 3743 803 3800 Lacbmarmscden
821 3742 941 3798 Tractat
954 3743 1029 3798 nabe
1043 3741 1192 3797 oerwandt
1206 3741 1281 3798 stad.
