3534 4400
431 406 499 456 vm
797 412 987 456 Pmrn‘mo.

498 551 569 607 117.
592 550 672 606 locis
688 549 775 621 Festi,
789 559 822 606 ut
836 557 1048 606 consentaneum
1065 556 1133 616 erat,
1152 551 1244 606 statim
1260 550 1353 607 addidi

433 652 464 691 ea
485 651 555 709 quae
573 634 675 690 Paulus
695 634 777 690 habet
794 651 826 690 ex
842 634 925 689 Festo
947 642 1087 706 excerpta,
1110 649 1179 706 quae
1201 634 1357 691 minoribus·

432 719 585 775 litterarum
603 718 701 775 lormis
715 718 834 775 distinxi.
869 717 907 773 lix
928 716 1002 773 Pesti
1023 717 1118 773 codice
1138 734 1247 773 omnem
1264 719 1365 792 scrip-¹

434 811 510 859 turae
525 805 682 859 varietatem
700 803 847 875 adscripsi,
864 802 967 877 passim
984 809 1091 857 auctam
1106 810 1134 857 et
1149 810 1300 858 correctam
1317 803 1356 859 ab

432 886 463 942 ll.
478 886 567 943 Keilio
584 888 612 942 in
628 886 696 943 llus.
711 887 797 942 lllren.
812 886 842 940 lll
858 883 962 959 (1847)
977 904 1005 959 p.
1017 886 1078 943 618
1090 904 1139 957 00,
1156 902 1225 959 quae
1240 886 1358 959 supple-

433 979 525 1027 menta
543 972 634 1027 notavi
657 971 745 1027 addita
764 970 856 1026 littera
870 970 904 1024 11.
944 969 1078 1027 Nonnulla
1099 973 1180 1027 tacite
1201 970 1356 1027 secundum

434 1054 551 1111 lleilium
566 1057 688 1124 correxi,
705 1062 737 1109 ut
755 1073 781 1128 p.
800 1055 851 1124 77,
867 1056 885 1111 7
903 1056 1117 1126 quodcumque,
1136 1073 1162 1128 p.
1179 1055 1229 1123 79,
1247 1054 1286 1111 19
1305 1061 1352 1111 in-

430 1140 603 1211 perfectam.
639 1139 781 1194 Extremos
806 1138 881 1194 l'esti
905 1140 982 1195 locos
1004 1140 1120 1213 repetivi
1142 1156 1174 1194 en
1190 1138 1354 1195 Mommseni

432 1225 594 1280 recensione
607 1211 677 1295 quae
689 1240 778 1297 nuper
792 1223 896 1296 prodiit
910 1224 937 1278 in
950 1224 1152 1279 commentariis
1167 1221 1247 1277 Acad.
1259 1222 1348 1280 berol.

433 1326 455 1363 a.
466 1306 677 1381 lampares.
704 1308 777 1363 ldem
793 1309 902 1363 initium
918 1307 1054 1381 plebisciti
1067 1306 1161 1364 Siliani
1176 1323 1226 1381 per
1240 1306 1351 1363 litteras

432 1392 603 1448 emendatum
620 1392 653 1447 ad
668 1409 712 1447 me
726 1393 811 1460 misit,
825 1392 870 1447 ubi
887 1392 920 1447 de
935 1401 999 1448 nota
1014 1392 1073 1461 llb,
1091 1393 1110 1447 1.
1125 1408 1148 1447 e.
1167 1391 1349 1464 duodequin-

433 1481 592 1548 poopioto,
606 1474 823 1532 conlerri'iussit
837 1476 926 1548 legem
941 1477 1152 1550 repetundarum
1169 1473 1355 1546 (clueant

432 1579 458 1616 n.
477 1561 548 1630 198,
563 1560 629 1629 34);
652 1578 684 1617 ac
699 1561 825 1617 similiter
839 1562 866 1616 io
888 1560 948 1616 aliis
966 1559 1192 1634 inscriptionibus
1211 1560 1352 1615 inveniun-

433 1655 478 1701 tur
493 1645 554 1712 llll,
569 1644 652 1714 llllX,
668 1644 758 1701 XXllll
774 1644 808 1714 (v.
824 1645 928 1700 indices
944 1644 1007 1700 ibid.
1024 1663 1050 1718 p.
1068 1643 1149 1713 613).
1166 1674 1204 1683 —
1220 1643 1296 1699 Pauli
1311 1645 1356 1699 lo·

431 1747 480 1786 000
495 1729 567 1784 edidi
583 1746 598 1784 e
613 1730 707 1786 codice
722 1729 935 1802 Guelferbytauo
955 1729 1004 1786 10.
1020 1729 1039 1786 3
1055 1731 1123 1801 Aug.
1139 1729 1167 1783 in
1183 1727 1352 1783 400000100-

433 1829 518 1871 naceo
534 1829 605 1867 saec.
616 1812 638 1867 ll
651 1809 703 1884 (G).
735 1813 764 1867 P.
776 1813 826 1881 76,
840 1814 878 1868 17
895 1830 951 1869 000
969 1813 1076 1868 ollendo
1095 1816 1122 1867 10
1139 1811 1228 1867 verbis
1244 1814 1353 1885 singola·

430 1897 530 1969 pondo
549 1896 658 1964 libros,
677 1913 747 1969 quae
762 1913 851 1969 nuper
871 1898 899 1951 in
920 1896 1118 1952 dubitationem
1135 1896 1240 1951 vocavit
1253 1895 1352 1951 bladri-

433 1984 494 2053 gius
516 1982 544 2035 in
566 1980 676 2036 Emend.
694 1980 750 2034 biv.
766 1999 793 2054 p.
812 1979 883 2037 318.
924 1980 990 2037 Nam
1013 1988 1040 2035 et
1064 1981 1116 2037 boc
1144 1980 1206 2035 loco
1230 1988 1258 2034 et
1279 1981 1354 2053 apud

432 2064 580 2120 Varronem
597 2064 630 2120 de
645 2063 664 2118 l.
679 2065 737 2119 bat.
754 2064 772 2135 S
786 2064 846 2121 182
863 2073 891 2119 ct
905 2065 1009 2119 Livium
1026 2063 1076 2133 26,
1092 2063 1144 2131 47,
1162 2064 1178 2118 7
1197 2063 1288 2119 libros
1304 2081 1353 2119 an·
1422 2076 1425 2081 ·
1515 2075 1516 2090 ¹

431 2149 510 2223 tique
524 2150 643 2222 genetivi
659 2148 746 2206 lorma
758 2149 823 2205 mibi
835 2164 896 2205 esse
912 2150 1025 2206 videtur.
1042 2179 1077 2189 -
1092 2148 1234 2222 scaligeri,
1249 2148 1354 2220 Ursini,

433 2233 558 2290 lluelleri
576 2235 728 2308 scripturas
742 2234 894 2308 significavi
910 2235 979 2305 Sco,
999 2235 1064 2307 Urs,
1081 2234 1156 2289 Moe.

496 2369 566 2426 118.
586 2369 720 2425 Prisciani
734 2369 824 2425 locum
841 2387 856 2424 c
870 2369 941 2426 libro
957 2370 990 2425 de
1008 2368 1103 2442 figuris
1119 2387 1295 2426 numerorum
1310 2387 1356 2426 re-

431 2455 549 2528 petitum
570 2456 719 2527 recognovi
741 2454 889 2510 secundum
911 2454 1031 2510 codicem
1053 2453 1281 2511 Gudianum132
1303 2454 1352 2510 101,

434 2532 489 2595 66ὴ
504 2556 553 2609 ss,
570 2555 651 2611 quem
667 2539 697 2594 H.
712 2538 819 2595 Keilius
837 2540 864 2595 io
880 2540 932 2594 lroc
946 2539 1016 2593 libro
1031 2537 1135 2594 edendo
1153 2540 1260 2608 omisit,
1277 2539 1352 2595 adlri·

432 2624 493 2679 buit
513 2632 603 2680 autem
624 2623 657 2679 ad
677 2623 808 2680 Prisciani
834 2624 1001 2679 Partitiones
1023 2620 1056 2693 (v.
1079 2623 1165 2695 prael.
1187 2641 1213 2696 p.
1231 2623 1292 2678 398
1308 2623 1356 2693 0.).

433 2709 461 2763 10
478 2706 531 2761 hoc
545 2708 639 2763 codice
654 2707 839 2762 memorabilis
857 2715 899 2762 est
920 2708 1056 2778 scriptura
1073 2707 1222 2761 dordonia
1243 2705 1272 2777 (S
1290 2705 1351 2780 14),

434 2792 468 2845 de
484 2806 537 2862 qua
554 2791 613 2844 vide
627 2789 697 2862 prol.
713 2807 739 2863 p.
757 2789 805 2846 23.
825 2819 861 2830 ·-
877 2790 906 2845 P.
925 2789 975 2858 84,
993 2791 1034 2849 20
1053 2807 1085 2846 en
1103 2790 1238 2848 librorum
1258 2799 1358 2846 aucto·

434 2875 522 2944 ritate,
531 2874 602 2929 edidi
618 2875 788 2929 tetrachma.
819 2874 964 2931 Praeterea
978 2875 1053 2944 00110
1074 2877 1130 2931 1000
1146 2877 1173 2930 10
1190 2891 1220 2930 00
1237 2875 1354 2929 discessi

433 2959 467 3014 ab
484 2973 516 3013 00
531 2957 676 3014 verborum
691 2957 821 3014 Prisciani
837 2967 966 3015 contextu
984 2976 1064 3031 quem
1081 2960 1192 3031 egregie
1208 2956 1351 3013 coustituit

432 3042 545 3099 lleilius.

497 3162 567 3218 119.
591 3162 703 3217 Victorii
730 3170 921 3234 argumentum
940 3161 1091 3220 calculandi
1111 3178 1144 3216 er
1163 3161 1257 3217 codice
1276 3160 1356 3215 Ram·
1393 3153 1395 3160 '

430 3247 509 3318 berg.
530 3246 644 3302 membr.
662 3263 732 3302 saec
748 3246 769 3301 ll
785 3248 825 3302 vel
845 3247 878 3302 Xl
899 3247 984 3304 edidit
1004 3246 1138 3301 Christius
1159 3247 1186 3300 in
1208 3243 1356 3299 annalibus

433 3329 514 3386 Acad.
535 3330 637 3386 llonac.
660 3330 920 3403 (Sataoopsbericbt
942 3340 993 3387 etc.
1017 3329 1107 3387 1863.
1130 3329 1149 3384 l.
1172 3348 1198 3403 p.
1216 3326 1276 3385 132
1293 3325 1355 3399 ss).

433 3416 504 3470 ldem
531 3415 714 3487 fragmentum
740 3418 812 3472 iuter
832 3416 918 3472 Bedae
945 3413 1110 3471 Venerabilis
1133 3415 1236 3486 scripta
1263 3419 1355 3468 exstat

434 3499 506 3554 edita
526 3498 646 3555 basileae
665 3518 716 3574 per
735 3501 772 3557 10.
791 3499 953 3573 llervagium
972 3519 996 3556 a.
1017 3498 1115 3569 1563,
1137 3498 1191 3554 vol.
1207 3497 1218 3552 l
1236 3491 1264 3572 p.
1281 3494 1355 3552 147.

434 3584 484 3640 Ubi
500 3584 544 3640 lric
565 3583 662 3640 titulus
684 3586 834 3658 praefixus:
856 3585 954 3640 Bedoe
972 3583 1138 3656 Presbyteri
1149 3583 1301 3656 praefatio
1320 3584 1352 3635 in

396 3733 400 3740 Α
434 3668 559 3724 libellam
581 3671 616 3724 de
637 3675 754 3725 ratione
777 3671 894 3726 calculi.
930 3675 1051 3744 Apparet
1073 3677 1163 3727 autem
1184 3667 1279 3724 Bedam
1301 3680 1354 3719 suo

434 3753 547 3810 arbitrio
564 3753 694 3827 quaedam
709 3757 872 3826 mutavisse,
892 3755 1022 3811 nonnulla
1038 3755 1119 3812 etiarn
1135 3752 1284 3820 addidisse,
1303 3749 1356 3800 mi-
