3534 4400
619 390 770 464 sunnone
791 423 832 463 nn
848 424 919 465 von.
937 426 958 465 1.
1186 403 1247 467 153
1278 417 1280 420 '

396 557 456 616 340
472 577 509 615 us
525 558 545 615 4
562 567 625 633 post
640 554 801 632 νομίίματι
817 560 876 615 odd.
894 559 1008 638 (ιδηρῷ
1026 560 1126 617 Christ.
1119 580 1167 635 ..p
1184 561 1248 620 460

340 643 394 698 coll.
411 644 524 718 Hesych.
541 664 565 699 v
583 638 808 717 (ιδάρεοιθεοί.

394 727 453 785 346
475 747 514 785 vs.
533 723 588 785 3’
576 724 727 802 εποίηεον
750 724 931 802 φλαυρόν
957 729 1018 804 (pro
1040 724 1197 805 φανερόν)
1217 747 1246 789 τι

318 804 500 884 ,λαμβάνειν
519 813 591 869 coni.
607 813 706 870 Christ.
715 832 747 887 p.
766 813 836 872 460.

369 897 454 955 350
472 916 510 953 vs.
528 899 546 955 3
569 916 620 973 pro
641 893 678 957 τὸ
702 894 795 957 ἕκτον
816 896 874 957 τοῦ
897 893 1048 971 μεδίμνου
1069 900 1167 956 Christ.
1184 900 1203 954 l.
1219 918 1244 957 c.

339 980 451 1039 antron
471 977 568 1041 ἕκτου
583 978 735 1057 μεδίμνου
751 979 818 1055 (scil.
833 977 935 1056 ἥμιευ)
959 993 1006 1041 aut
1025 980 1062 1043 τὸ
1083 979 1176 1043 ἕκτον
1194 980 1247 1057 με’-

341 1079 390 1135 po(
405 1065 463 1123 τοῦ
477 1061 685 1141 ἡμιμεδίμνου
701 1068 783 1125 scribi
796 1069 881 1138 iubet,
898 1086 930 1124 er
947 1070 1046 1143 quibus
1062 1088 1113 1143 ego
1130 1068 1246 1126 alterum

338 1149 368 1205 ita
388 1152 505 1225 adopto,
526 1161 558 1208 ut
576 1150 634 1210 τοῦ
657 1148 750 1211 ἕκτου
771 1149 890 1226 μέρουε
908 1152 967 1212 τοῦ
989 1148 1156 1227 μεδίμνου,
1181 1158 1246 1211 itam

339 1251 396 1291 vore
410 1228 503 1308 llptcu·
520 1236 632 1294 silentio
650 1238 756 1308 addita,
775 1239 911 1295 suadeam.
943 1239 1043 1295 Eodem
1059 1241 1124 1297 vitio
1140 1240 1248 1297 laborat

342 1318 422 1389 glossa
439 1323 511 1395 apud
527 1322 655 1378 Photium
671 1341 696 1397 p.
714 1320 786 1393 329,
805 1324 831 1377 1.

683 1490 885 1497 -ἡ--ῄ-

395 1590 427 1647 lle
450 1609 555 1648 arura
573 1592 617 1648 hie
636 1593 702 1649 addo
719 1593 809 1649 locum
825 1610 905 1666 quem
921 1593 1064 1650 Sohowius
1083 1595 1115 1649 ad
1131 1595 1246 1668 Hesyolr.

344 1673 437 1743 ρθλθ
454 1693 484 1733 er
499 1678 550 1733 Ms
567 1676 670 1733 Marino
687 1672 767 1772 Περί
788 1672 913 1749 μέτρων
929 1673 1150 1750 toleraturum,
1174 1679 1247 1751 quod

340 1690 425 1816 llomae
446 1762 651 1837 compilaverit,
674 1762 809 1817 invenisse
829 1778 858 1817 se
879 1762 988 1818 scribit.
1022 1756 1200 1836 Apoupu''
1183 1777 1246 1821 εετι

342 1836 444 1940 μέτρον
464 1845 581 1918 γῆε-
600 1840 662 1904 icor
685 1842 720 1904 δὲ
742 1840 899 1904 ταῦτατὸ
925 1842 1042 1919 μέτρον
1060 1841 1246 1918 Αἰγυπτίου·

341 1920 370 1982 ἐν
387 1923 506 2026 ἀρούρᾳ
521 1926 584 2002 γὰρ
596 1929 761 2003 μετροθαν
775 1924 978 2000 οίΑἰγύπτιοι
992 1930 1097 1992 πᾶεαν
1111 1928 1169 2004 τὴν
1184 1930 1246 2005 γῆν

342 2005 450 2073 αὐτῶν
475 2010 542 2089 ἔχει
558 2010 619 2073 δε
607 2031 625 2087 η
642 2008 765 2113 ἄρουρα
782 2016 828 2095 τῷ
844 2011 949 2093 μέτρῳ
965 2015 1024 2075 τοῦ
1040 2011 1183 2089 καλάμου
1198 2016 1246 2094 τῷ

345 2087 439 2166 ἔχοντι
454 2096 567 2173 πήχει(
583 2114 602 2165 ς
625 2116 674 2157 και
664 2076 849 2203 δίμοιρον
867 2096 885 2159 ὃ
901 2098 1041 2160 καλεῖται
1056 2097 1145 2175 παρὰ
1164 2117 1245 2172 γεω-

345 2175 456 2272 μέτραιε
476 2178 609 2255 ἄκαινα,
629 2201 647 2243 κ
649 2176 722 2244 ἐπὶ
740 2202 773 2245 κε
775 2179 920 2260 ’πλέθρα
934 2219 977 2228 -
990 2183 1028 2246 τὸ
1050 2183 1086 2245 δὲ
1104 2182 1247 2261 πλέθρον

343 2254 363 2319 κ’
378 2261 463 2326 ἐπὶκ’
480 2265 614 2329 ἀκαίνα(
630 2265 694 2342 έχεῑ
714 2271 760 2348 τῷ
776 2267 880 2348 μέτρῳ
900 2271 958 2330 τοῦ
981 2267 1140 2344 καλάμου
1163 2267 1245 2345 ὅπερ

343 2347 417 2422 παρὰ
442 2347 665 2415 Παλαιετίνοιε
694 2351 745 2412 καὶ
773 2350 911 2428 Αραψῑν
939 2354 1069 2415 (αταίον
1100 2353 1246 2415 καλεῖται

343 2431 391 2492 Ηυο
404 2435 461 2495 loco
478 2441 600 2496 dubitari
618 2458 672 2496 non
688 2447 782 2514 potest
798 2443 863 2514 quin
883 2439 1013 2496 nonnulla
1029 2436 1159 2514 e'orrupta
1175 2441 1246 2504 sint;

344 2533 410 2594 uam,
424 2532 452 2579 ut
467 2536 560 2582 cetere
575 2533 693 2594 taceam,
714 2523 807 2579 nullus
825 2532 877 2580 tam
899 2525 1022 2580 immanis
1038 2541 1134 2580 arurae
1149 2525 1245 2580 modus

343 2608 443 2676 cogitari
467 2618 575 2684 potest,
599 2618 629 2666 ut
652 2627 681 2664 ea
706 2608 747 2666 20
772 2609 879 2682 plethra
903 2607 1104 2683 (longitudinis)
1123 2625 1185 2665 cum
1206 2607 1246 2662 25

346 2689 521 2826 nultiplicata
540 2696 606 2750 h.e.
625 2694 686 2752 500
703 2693 811 2767 plethra
829 2695 958 2767 quadrata
976 2693 1089 2764 haheat,
1113 2693 1246 2766 siquidem

345 2772 418 2831 tidem
434 2778 465 2834 ab
482 2778 624 2836 Herodoto
640 2778 680 2850 (2
700 2776 769 2854 168)
789 2779 850 2836 100
867 2787 971 2834 tantum
988 2778 1094 2835 cubiti'
1087 2795 1114 2833 rn
1133 2777 1248 2851 quadra·

345 2861 442 2927 lumin
459 2865 507 2920 illo
524 2873 614 2919 autem
628 2864 783 2936 fragmento
801 2859 873 2935 περὶ
890 2857 1017 2936 μέτρων
1031 2861 1087 2934 γῆ(
1104 2863 1177 2938 quod
1194 2861 1245 2918 vol.

344 2936 384 3012 lp
403 2944 439 3003 56
457 2949 544 3017 edidi,
569 2948 631 3005 130
653 2947 737 3003 cubiti
760 2947 927 3004 tribuuntur.
963 2949 1017 3003 lam
1040 2965 1104 3004 vero
1123 2949 1194 3003 lrio
1187 2963 1246 3021 ipse

345 3023 396 3082 130
409 2991 562 3090 cubitoruln
578 3049 707 3088 numerus
729 3033 797 3089 viam
814 3032 984 3088 demonstrat
1002 3049 1055 3105 qua
1070 3033 1148 3088 locus
1164 3031 1247 3087 Solm-

342 3111 436 3170 uianus
453 3118 636 3174 emendandus
652 3118 696 3172 sit
733 3119 853 3192 Apparet
868 3118 940 3172 errim
954 3133 1061 3172 aruram
1077 3118 1105 3170 in
1126 3117 1192 3188 long
1177 3117 1248 3170 tritu·

342 3189 420 3253 dinem
435 3211 461 3257 et
476 3202 647 3259 latitudinem
665 3201 706 3257 20
717 3218 830 3258 scaenas
844 3200 1122 3270 sive133¹lgoubitos
1139 3200 1245 3254 habere.

343 3274 401 3334 lum
417 3281 556 3361 πλέθρον
573 3286 640 3343 illud
658 3287 753 3360 quod
746 3304 773 3342 νυ
789 3286 943 3360 fragmento
960 3279 1033 3357 περὶ
1049 3279 1173 3356 μέτρων
1189 3281 1247 3354 γῆ(

343 3361 443 3424 ullertur
458 3381 498 3428 est
514 3371 566 3428 26
588 3390 651 3444 pars
674 3387 769 3428 arurae
787 3370 857 3443 (uam
873 3387 968 3428 arurae
985 3370 1061 3441 130,
1080 3368 1189 3442 plethro
1207 3367 1247 3426 26

342 3445 431 3523 cubiti,
455 3456 523 3514 he.
547 3459 642 3531 quinta
663 3474 743 3531 pars,
768 3461 795 3512 in
819 3455 1017 3550 longitudinem
1033 3463 1060 3510 et
1076 3453 1247 3510 latitudinem

344 3531 517 3614 lllbuuntur);
542 3541 610 3598 haec
624 3541 709 3613 igitur
729 3549 792 3597 sunt
807 3555 841 3599 κε
843 3529 1011 3614 ’,πλέθρα
1009 3539 1179 3596 Schowiana.
1210 3540 1248 3593 dc

343 3627 417 3681 ll⁰lr0
442 3623 506 3685 haee
527 3635 651 3684 accurata
674 3629 732 3682 nius
756 3627 857 3699 pletlrri
880 3643 1008 3683 mensura
1028 3623 1162 3697 eflicitur,
1180 3622 1246 3679 ut4

343 3709 444 3761 arnonas
460 3713 515 3767 sive
537 3712 607 3783 26²l3
628 3711 763 3767 cubitos
756 3727 783 3766 rn
806 3709 1005 3782 longitudinem
1028 3717 1056 3765 et
1076 3709 1246 3765 latitudinem

345 3775 440 3844 haheat.
469 3794 511 3852 Sin
535 3798 620 3870 igitur
646 3797 673 3850 in
698 3795 759 3852 loeo
783 3794 946 3850 Schowiano
968 3801 1032 3868 post
1056 3793 1137 3848 verbu
1161 3785 1249 3863 παρὰ
