<?xml version="1.0" encoding="UTF-8"?>
<!DOCTYPE html PUBLIC "-//W3C//DTD XHTML 1.0 Transitional//EN"
    "http://www.w3.org/TR/xhtml1/DTD/xhtml1-transitional.dtd">
<html xmlns="http://www.w3.org/1999/xhtml" xml:lang="en" lang="en">
 <head>
  <title>
</title>
<meta http-equiv="Content-Type" content="text/html;charset=utf-8" />
  <meta name='ocr-system' content='tesseract 3.04.00' />
  <meta name='ocr-capabilities' content='ocr_page ocr_carea ocr_par ocr_line ocrx_word'/>
</head>
<body>
  <div class='ocr_page' id='page_1' title='image "./metrologicorums00hultgoog_0072.png"; bbox 0 0 3534 4400; ppageno 0'>
   <div class='ocr_carea' id='block_1_1' title="bbox 462 382 1066 449">
    <p class='ocr_par' dir='ltr' id='par_1_1' title="bbox 462 382 1066 449">
     <span class='ocr_line' id='line_1_1' title="bbox 462 382 1066 449; baseline 0.003 -7"><span class='ocrx_word' id='word_1_1' title='bbox 462 382 504 449; x_wconf 83' lang='grc'>36</span> <span class='ocrx_word' id='word_1_2' title='bbox 774 400 1010 444; x_wconf 74' lang='lat' dir='ltr'>rnonnoonnus</span> <span class='ocrx_word' id='word_1_3' title='bbox 1031 400 1066 444; x_wconf 78' lang='lat' dir='ltr'>nt</span> 
     </span>
    </p>
   </div>
   <div class='ocr_carea' id='block_1_2' title="bbox 389 538 1389 2222">
    <p class='ocr_par' dir='ltr' id='par_1_2' title="bbox 389 538 1389 2222">
     <span class='ocr_line' id='line_1_2' title="bbox 465 538 1387 615; baseline -0.003 -17"><span class='ocrx_word' id='word_1_4' title='bbox 465 542 602 615; x_wconf 78' lang='lat' dir='ltr'>farragine</span> <span class='ocrx_word' id='word_1_5' title='bbox 623 538 669 595; x_wconf 87' lang='lat' dir='ltr'>ilia</span> <span class='ocrx_word' id='word_1_6' title='bbox 685 541 915 613; x_wconf 78' lang='lat' dir='ltr'>geometricarum</span> <span class='ocrx_word' id='word_1_7' title='bbox 932 546 960 594; x_wconf 92' lang='lat' dir='ltr'>et</span> <span class='ocrx_word' id='word_1_8' title='bbox 975 541 1186 613; x_wconf 77' lang='lat' dir='ltr'>gromaticarum</span> <span class='ocrx_word' id='word_1_9' title='bbox 1201 538 1387 613; x_wconf 86' lang='lat' dir='ltr'>reliquiarum</span> 
     </span>
     <span class='ocr_line' id='line_1_3' title="bbox 465 622 1388 700; baseline -0.003 -18"><span class='ocrx_word' id='word_1_10' title='bbox 465 641 535 700; x_wconf 89' lang='lat' dir='ltr'>quae</span> <span class='ocrx_word' id='word_1_11' title='bbox 552 625 634 697; x_wconf 78' lang='lat' dir='ltr'>vulgo</span> <span class='ocrx_word' id='word_1_12' title='bbox 651 624 703 681; x_wconf 90' lang='lat' dir='ltr'>sub</span> <span class='ocrx_word' id='word_1_13' title='bbox 713 624 800 681; x_wconf 82' lang='lat' dir='ltr'>boetii</span> <span class='ocrx_word' id='word_1_14' title='bbox 813 623 896 681; x_wconf 87' lang='lat' dir='ltr'>titulo</span> <span class='ocrx_word' id='word_1_15' title='bbox 912 622 1010 680; x_wconf 81' lang='lat' dir='ltr'>fertur.</span> <span class='ocrx_word' id='word_1_16' title='bbox 1040 624 1060 679; x_wconf 82' lang='grc' dir='ltr'>Ε</span> <span class='ocrx_word' id='word_1_17' title='bbox 1076 624 1175 698; x_wconf 87' lang='lat' dir='ltr'>quibus</span> <span class='ocrx_word' id='word_1_18' title='bbox 1191 640 1275 679; x_wconf 93' lang='lat' dir='ltr'>unum</span> <span class='ocrx_word' id='word_1_19' title='bbox 1289 639 1388 679; x_wconf 91' lang='lat' dir='ltr'>emen·</span> 
     </span>
     <span class='ocr_line' id='line_1_4' title="bbox 465 708 1387 781; baseline -0.003 -14"><span class='ocrx_word' id='word_1_20' title='bbox 465 711 527 769; x_wconf 92' lang='lat' dir='ltr'>date</span> <span class='ocrx_word' id='word_1_21' title='bbox 549 709 634 766; x_wconf 82' lang='lat' dir='ltr'>edidit</span> <span class='ocrx_word' id='word_1_22' title='bbox 647 709 849 780; x_wconf 85' lang='lat' dir='ltr'>Lachmannus‚</span> <span class='ocrx_word' id='word_1_23' title='bbox 873 708 920 764; x_wconf 85' lang='lat' dir='ltr'>aiii</span> <span class='ocrx_word' id='word_1_24' title='bbox 944 708 998 764; x_wconf 91' lang='lat' dir='ltr'>duo</span> <span class='ocrx_word' id='word_1_25' title='bbox 1020 710 1047 764; x_wconf 93' lang='lat' dir='ltr'>in</span> <span class='ocrx_word' id='word_1_26' title='bbox 1068 709 1187 765; x_wconf 80' lang='lat' dir='ltr'>editione</span> <span class='ocrx_word' id='word_1_27' title='bbox 1201 708 1288 765; x_wconf 86' lang='lat' dir='ltr'>boetii</span> <span class='ocrx_word' id='word_1_28' title='bbox 1305 710 1387 781; x_wconf 88' lang='lat' dir='ltr'>prin·</span> 
     </span>
     <span class='ocr_line' id='line_1_5' title="bbox 465 786 1386 870; baseline -0.003 -18"><span class='ocrx_word' id='word_1_29' title='bbox 465 797 526 870; x_wconf 83' lang='lat' dir='ltr'>cipe</span> <span class='ocrx_word' id='word_1_30' title='bbox 546 802 655 851; x_wconf 80' lang='lat' dir='ltr'>exstant</span> <span class='ocrx_word' id='word_1_31' title='bbox 673 794 838 869; x_wconf 88' lang='lat' dir='ltr'>repetitique</span> <span class='ocrx_word' id='word_1_32' title='bbox 859 800 925 849; x_wconf 88' lang='lat' dir='ltr'>sunt</span> <span class='ocrx_word' id='word_1_33' title='bbox 946 794 974 849; x_wconf 92' lang='lat' dir='ltr'>iu</span> <span class='ocrx_word' id='word_1_34' title='bbox 994 786 1236 867; x_wconf 84' lang='lat' dir='ltr'>posterioribus⁴);</span> <span class='ocrx_word' id='word_1_35' title='bbox 1262 792 1310 849; x_wconf 88' lang='lat' dir='ltr'>sed</span> <span class='ocrx_word' id='word_1_36' title='bbox 1329 793 1386 849; x_wconf 85' lang='lat' dir='ltr'>bne</span> 
     </span>
     <span class='ocr_line' id='line_1_6' title="bbox 389 876 1386 954; baseline -0.003 -15"><span class='ocrx_word' id='word_1_37' title='bbox 389 928 397 939; x_wconf 89' lang='lat'>.</span> <span class='ocrx_word' id='word_1_38' title='bbox 466 879 598 954; x_wconf 79' lang='lat' dir='ltr'>reliquiae</span> <span class='ocrx_word' id='word_1_39' title='bbox 612 896 664 936; x_wconf 91' lang='lat' dir='ltr'>nec</span> <span class='ocrx_word' id='word_1_40' title='bbox 678 896 728 953; x_wconf 89' lang='lat' dir='ltr'>per</span> <span class='ocrx_word' id='word_1_41' title='bbox 743 894 774 933; x_wconf 91' lang='lat' dir='ltr'>se</span> <span class='ocrx_word' id='word_1_42' title='bbox 788 876 874 935; x_wconf 89' lang='lat' dir='ltr'>ullum</span> <span class='ocrx_word' id='word_1_43' title='bbox 889 877 1009 935; x_wconf 79' lang='lat' dir='ltr'>fructum</span> <span class='ocrx_word' id='word_1_44' title='bbox 1024 877 1121 935; x_wconf 78' lang='lat' dir='ltr'>afferre</span> <span class='ocrx_word' id='word_1_45' title='bbox 1132 884 1250 952; x_wconf 83' lang='lat' dir='ltr'><strong>possunt</strong></span> <span class='ocrx_word' id='word_1_46' title='bbox 1261 876 1294 933; x_wconf 89' lang='lat' dir='ltr'>ad</span> <span class='ocrx_word' id='word_1_47' title='bbox 1305 884 1386 935; x_wconf 86' lang='lat' dir='ltr'>vete·</span> 
     </span>
     <span class='ocr_line' id='line_1_7' title="bbox 465 962 1388 1037; baseline -0.001 -17"><span class='ocrx_word' id='word_1_48' title='bbox 465 981 525 1020; x_wconf 92' lang='lat' dir='ltr'>rum</span> <span class='ocrx_word' id='word_1_49' title='bbox 548 979 737 1020; x_wconf 89' lang='lat' dir='ltr'>mensurarum</span> <span class='ocrx_word' id='word_1_50' title='bbox 758 979 790 1019; x_wconf 92' lang='lat' dir='ltr'>ac</span> <span class='ocrx_word' id='word_1_51' title='bbox 801 962 953 1037; x_wconf 81' lang='lat' dir='ltr'>ponderum</span> <span class='ocrx_word' id='word_1_52' title='bbox 969 962 1126 1036; x_wconf 88' lang='lat' dir='ltr'>scientiam,</span> <span class='ocrx_word' id='word_1_53' title='bbox 1145 979 1197 1019; x_wconf 88' lang='lat' dir='ltr'>nec</span> <span class='ocrx_word' id='word_1_54' title='bbox 1212 964 1333 1035; x_wconf 84' lang='lat' dir='ltr'>omniuo,</span> <span class='ocrx_word' id='word_1_55' title='bbox 1349 972 1388 1019; x_wconf 92' lang='lat' dir='ltr'>ut</span> 
     </span>
     <span class='ocr_line' id='line_1_8' title="bbox 467 1046 1386 1123; baseline -0.003 -17"><span class='ocrx_word' id='word_1_56' title='bbox 467 1051 582 1123; x_wconf 84' lang='lat' dir='ltr'>opinor,</span> <span class='ocrx_word' id='word_1_57' title='bbox 603 1049 646 1103; x_wconf 92' lang='lat' dir='ltr'>his</span> <span class='ocrx_word' id='word_1_58' title='bbox 670 1048 711 1103; x_wconf 91' lang='lat' dir='ltr'>uti</span> <span class='ocrx_word' id='word_1_59' title='bbox 735 1046 830 1105; x_wconf 87' lang='lat' dir='ltr'>iicebit</span> <span class='ocrx_word' id='word_1_60' title='bbox 845 1049 923 1122; x_wconf 90' lang='lat' dir='ltr'>prius</span> <span class='ocrx_word' id='word_1_61' title='bbox 939 1062 1019 1121; x_wconf 87' lang='lat' dir='ltr'>quam</span> <span class='ocrx_word' id='word_1_62' title='bbox 1033 1047 1067 1103; x_wconf 89' lang='lat' dir='ltr'>de</span> <span class='ocrx_word' id='word_1_63' title='bbox 1081 1049 1155 1104; x_wconf 89' lang='lat' dir='ltr'>omui</span> <span class='ocrx_word' id='word_1_64' title='bbox 1169 1047 1255 1104; x_wconf 84' lang='lat' dir='ltr'>Boetii</span> <span class='ocrx_word' id='word_1_65' title='bbox 1269 1063 1386 1120; x_wconf 79' lang='lat' dir='ltr'>geome-</span> 
     </span>
     <span class='ocr_line' id='line_1_9' title="bbox 466 1130 1387 1207; baseline -0.002 -18"><span class='ocrx_word' id='word_1_66' title='bbox 466 1135 536 1190; x_wconf 84' lang='lat' dir='ltr'>trico</span> <span class='ocrx_word' id='word_1_67' title='bbox 554 1148 637 1207; x_wconf 82' lang='lat' dir='ltr'>opere</span> <span class='ocrx_word' id='word_1_68' title='bbox 653 1132 740 1206; x_wconf 87' lang='lat' dir='ltr'>deque</span> <span class='ocrx_word' id='word_1_69' title='bbox 757 1132 817 1188; x_wconf 86' lang='lat' dir='ltr'>aliis</span> <span class='ocrx_word' id='word_1_70' title='bbox 833 1148 903 1206; x_wconf 91' lang='lat' dir='ltr'>quae</span> <span class='ocrx_word' id='word_1_71' title='bbox 922 1131 1020 1188; x_wconf 87' lang='lat' dir='ltr'>iniuria</span> <span class='ocrx_word' id='word_1_72' title='bbox 1035 1131 1100 1188; x_wconf 87' lang='lat' dir='ltr'>olim</span> <span class='ocrx_word' id='word_1_73' title='bbox 1115 1132 1209 1189; x_wconf 85' lang='lat' dir='ltr'>Boetio</span> <span class='ocrx_word' id='word_1_74' title='bbox 1224 1130 1387 1188; x_wconf 86' lang='lat' dir='ltr'>tribuerunt</span> 
     </span>
     <span class='ocr_line' id='line_1_10' title="bbox 466 1212 1389 1291; baseline -0.002 -17"><span class='ocrx_word' id='word_1_75' title='bbox 466 1217 533 1274; x_wconf 89' lang='lat' dir='ltr'>satis</span> <span class='ocrx_word' id='word_1_76' title='bbox 548 1233 599 1291; x_wconf 91' lang='lat' dir='ltr'>pro</span> <span class='ocrx_word' id='word_1_77' title='bbox 615 1219 654 1275; x_wconf 89' lang='lat' dir='ltr'>rei</span> <span class='ocrx_word' id='word_1_78' title='bbox 669 1217 801 1291; x_wconf 79' lang='lat' dir='ltr'>gravitate</span> <span class='ocrx_word' id='word_1_79' title='bbox 817 1216 983 1291; x_wconf 86' lang='lat' dir='ltr'>disputatum</span> <span class='ocrx_word' id='word_1_80' title='bbox 1000 1212 1087 1289; x_wconf 80' lang='lat' dir='ltr'>erit⁵).</span> <span class='ocrx_word' id='word_1_81' title='bbox 1119 1218 1167 1273; x_wconf 86' lang='lat' dir='ltr'>His</span> <span class='ocrx_word' id='word_1_82' title='bbox 1190 1216 1293 1273; x_wconf 89' lang='lat' dir='ltr'>accedit</span> <span class='ocrx_word' id='word_1_83' title='bbox 1314 1218 1389 1273; x_wconf 87' lang='lat' dir='ltr'>scri-</span> 
     </span>
     <span class='ocr_line' id='line_1_11' title="bbox 465 1300 1388 1378; baseline 0.001 -21"><span class='ocrx_word' id='word_1_84' title='bbox 465 1309 531 1378; x_wconf 93' lang='lat' dir='ltr'>ptor</span> <span class='ocrx_word' id='word_1_85' title='bbox 547 1303 647 1358; x_wconf 86' lang='lat' dir='ltr'>saecuii</span> <span class='ocrx_word' id='word_1_86' title='bbox 662 1302 773 1375; x_wconf 84' lang='lat' dir='ltr'>decimi,</span> <span class='ocrx_word' id='word_1_87' title='bbox 788 1318 844 1358; x_wconf 91' lang='lat' dir='ltr'>non</span> <span class='ocrx_word' id='word_1_88' title='bbox 859 1301 1004 1372; x_wconf 89' lang='lat' dir='ltr'>mediocri,</span> <span class='ocrx_word' id='word_1_89' title='bbox 1022 1309 1053 1357; x_wconf 92' lang='lat' dir='ltr'>ut</span> <span class='ocrx_word' id='word_1_90' title='bbox 1067 1302 1122 1357; x_wconf 88' lang='lat' dir='ltr'>illis</span> <span class='ocrx_word' id='word_1_91' title='bbox 1138 1300 1318 1375; x_wconf 78' lang='lat' dir='ltr'>temporibus,</span> <span class='ocrx_word' id='word_1_92' title='bbox 1333 1302 1388 1359; x_wconf 92' lang='lat' dir='ltr'>do·</span> 
     </span>
     <span class='ocr_line' id='line_1_12' title="bbox 465 1384 1387 1457; baseline -0.003 -13"><span class='ocrx_word' id='word_1_93' title='bbox 465 1388 569 1457; x_wconf 81' lang='lat' dir='ltr'>ctrina,</span> <span class='ocrx_word' id='word_1_94' title='bbox 584 1385 661 1443; x_wconf 84' lang='lat' dir='ltr'>dbbo</span> <span class='ocrx_word' id='word_1_95' title='bbox 676 1385 869 1457; x_wconf 80' lang='lat' dir='ltr'>Floriacensis,</span> <span class='ocrx_word' id='word_1_96' title='bbox 884 1388 962 1442; x_wconf 86' lang='lat' dir='ltr'>cuins</span> <span class='ocrx_word' id='word_1_97' title='bbox 978 1404 993 1443; x_wconf 89' lang='lat' dir='ltr'>e</span> <span class='ocrx_word' id='word_1_98' title='bbox 1007 1387 1208 1443; x_wconf 86' lang='lat' dir='ltr'>commentariis</span> <span class='ocrx_word' id='word_1_99' title='bbox 1224 1385 1251 1440; x_wconf 91' lang='lat' dir='ltr'>in</span> <span class='ocrx_word' id='word_1_100' title='bbox 1267 1384 1387 1443; x_wconf 85' lang='lat' dir='ltr'>Victorii</span> 
     </span>
     <span class='ocr_line' id='line_1_13' title="bbox 466 1464 1386 1545; baseline -0.001 -17"><span class='ocrx_word' id='word_1_101' title='bbox 466 1470 601 1528; x_wconf 89' lang='lat' dir='ltr'>calculum</span> <span class='ocrx_word' id='word_1_102' title='bbox 621 1464 731 1545; x_wconf 84' lang='lat' dir='ltr'>s&#39;criptis</span> <span class='ocrx_word' id='word_1_103' title='bbox 752 1479 845 1544; x_wconf 88' lang='lat' dir='ltr'>partes</span> <span class='ocrx_word' id='word_1_104' title='bbox 866 1470 981 1527; x_wconf 77' lang='lat' dir='ltr'>selectas</span> <span class='ocrx_word' id='word_1_105' title='bbox 1003 1487 1091 1545; x_wconf 86' lang='lat' dir='ltr'>nuper</span> <span class='ocrx_word' id='word_1_106' title='bbox 1112 1470 1196 1528; x_wconf 90' lang='lat' dir='ltr'>edidit</span> <span class='ocrx_word' id='word_1_107' title='bbox 1209 1466 1386 1543; x_wconf 80' lang='lat' dir='ltr'>Christius⁸).</span> 
     </span>
     <span class='ocr_line' id='line_1_14' title="bbox 466 1554 1386 1629; baseline 0.001 -18"><span class='ocrx_word' id='word_1_108' title='bbox 466 1555 496 1611; x_wconf 87' lang='lat' dir='ltr'>iu</span> <span class='ocrx_word' id='word_1_109' title='bbox 518 1555 617 1629; x_wconf 87' lang='lat' dir='ltr'>quibus</span> <span class='ocrx_word' id='word_1_110' title='bbox 640 1555 767 1613; x_wconf 88' lang='lat' dir='ltr'>nonnulli</span> <span class='ocrx_word' id='word_1_111' title='bbox 791 1554 846 1612; x_wconf 91' lang='lat' dir='ltr'>loci</span> <span class='ocrx_word' id='word_1_112' title='bbox 870 1563 935 1611; x_wconf 91' lang='lat' dir='ltr'>sunt</span> <span class='ocrx_word' id='word_1_113' title='bbox 955 1556 989 1613; x_wconf 88' lang='lat' dir='ltr'>de</span> <span class='ocrx_word' id='word_1_114' title='bbox 1010 1554 1176 1629; x_wconf 88' lang='lat' dir='ltr'>ponderibus</span> <span class='ocrx_word' id='word_1_115' title='bbox 1199 1563 1226 1611; x_wconf 85' lang='lat' dir='ltr'>et</span> <span class='ocrx_word' id='word_1_116' title='bbox 1246 1557 1386 1613; x_wconf 87' lang='lat' dir='ltr'>mensuris</span> 
     </span>
     <span class='ocr_line' id='line_1_15' title="bbox 467 1636 1387 1716; baseline 0 -19"><span class='ocrx_word' id='word_1_117' title='bbox 467 1636 624 1716; x_wconf 83' lang='lat' dir='ltr'>antiquis⁷),</span> <span class='ocrx_word' id='word_1_118' title='bbox 641 1658 711 1716; x_wconf 89' lang='lat' dir='ltr'>quos</span> <span class='ocrx_word' id='word_1_119' title='bbox 727 1642 838 1697; x_wconf 90' lang='lat' dir='ltr'>minime</span> <span class='ocrx_word' id='word_1_120' title='bbox 852 1639 1039 1713; x_wconf 75' lang='lat' dir='ltr'>neglegendos</span> <span class='ocrx_word' id='word_1_121' title='bbox 1053 1656 1114 1697; x_wconf 87' lang='lat' dir='ltr'>esse</span> <span class='ocrx_word' id='word_1_122' title='bbox 1131 1641 1271 1709; x_wconf 83' lang='lat' dir='ltr'>eristim0;</span> <span class='ocrx_word' id='word_1_123' title='bbox 1290 1640 1340 1697; x_wconf 85' lang='lat' dir='ltr'>sed</span> <span class='ocrx_word' id='word_1_124' title='bbox 1356 1649 1387 1697; x_wconf 87' lang='lat' dir='ltr'>et</span> 
     </span>
     <span class='ocr_line' id='line_1_16' title="bbox 467 1724 1386 1801; baseline -0.003 -17"><span class='ocrx_word' id='word_1_125' title='bbox 467 1734 541 1784; x_wconf 88' lang='lat' dir='ltr'>aetas</span> <span class='ocrx_word' id='word_1_126' title='bbox 563 1728 622 1801; x_wconf 89' lang='lat' dir='ltr'>ipsa</span> <span class='ocrx_word' id='word_1_127' title='bbox 642 1743 696 1800; x_wconf 89' lang='lat' dir='ltr'>qua</span> <span class='ocrx_word' id='word_1_128' title='bbox 714 1726 781 1783; x_wconf 85' lang='lat' dir='ltr'>haec</span> <span class='ocrx_word' id='word_1_129' title='bbox 801 1725 957 1799; x_wconf 86' lang='lat' dir='ltr'>conscripta</span> <span class='ocrx_word' id='word_1_130' title='bbox 978 1733 1043 1782; x_wconf 91' lang='lat' dir='ltr'>sunt</span> <span class='ocrx_word' id='word_1_131' title='bbox 1063 1740 1105 1781; x_wconf 89' lang='lat' dir='ltr'>me</span> <span class='ocrx_word' id='word_1_132' title='bbox 1119 1724 1280 1800; x_wconf 88' lang='lat' dir='ltr'>probibuit,</span> <span class='ocrx_word' id='word_1_133' title='bbox 1300 1740 1336 1781; x_wconf 92' lang='lat' dir='ltr'>ne</span> <span class='ocrx_word' id='word_1_134' title='bbox 1350 1740 1386 1781; x_wconf 88' lang='lat' dir='ltr'>ea</span> 
     </span>
     <span class='ocr_line' id='line_1_17' title="bbox 467 1809 1386 1887; baseline -0.001 -21"><span class='ocrx_word' id='word_1_135' title='bbox 467 1811 496 1866; x_wconf 92' lang='lat' dir='ltr'>iu</span> <span class='ocrx_word' id='word_1_136' title='bbox 511 1810 584 1867; x_wconf 89' lang='lat' dir='ltr'>hunc</span> <span class='ocrx_word' id='word_1_137' title='bbox 599 1810 698 1867; x_wconf 89' lang='lat' dir='ltr'>librum</span> <span class='ocrx_word' id='word_1_138' title='bbox 714 1812 880 1884; x_wconf 83' lang='lat' dir='ltr'>reciperem,</span> <span class='ocrx_word' id='word_1_139' title='bbox 893 1826 944 1867; x_wconf 92' lang='lat' dir='ltr'>nec</span> <span class='ocrx_word' id='word_1_140' title='bbox 958 1810 1050 1881; x_wconf 88' lang='lat' dir='ltr'>volui,</span> <span class='ocrx_word' id='word_1_141' title='bbox 1065 1826 1127 1867; x_wconf 93' lang='lat' dir='ltr'>cum</span> <span class='ocrx_word' id='word_1_142' title='bbox 1143 1812 1202 1887; x_wconf 89' lang='lat' dir='ltr'>ipse</span> <span class='ocrx_word' id='word_1_143' title='bbox 1216 1809 1297 1883; x_wconf 88' lang='lat' dir='ltr'>plane</span> <span class='ocrx_word' id='word_1_144' title='bbox 1313 1810 1386 1867; x_wconf 90' lang='lat' dir='ltr'>nibil</span> 
     </span>
     <span class='ocr_line' id='line_1_18' title="bbox 466 1893 1387 1969; baseline 0.002 -20"><span class='ocrx_word' id='word_1_145' title='bbox 466 1910 527 1950; x_wconf 92' lang='lat' dir='ltr'>meo</span> <span class='ocrx_word' id='word_1_146' title='bbox 551 1894 642 1950; x_wconf 90' lang='lat' dir='ltr'>studio</span> <span class='ocrx_word' id='word_1_147' title='bbox 659 1894 757 1950; x_wconf 88' lang='lat' dir='ltr'>addere</span> <span class='ocrx_word' id='word_1_148' title='bbox 772 1910 900 1967; x_wconf 90' lang='lat' dir='ltr'>possem,</span> <span class='ocrx_word' id='word_1_149' title='bbox 921 1902 1024 1950; x_wconf 88' lang='lat' dir='ltr'>tautam</span> <span class='ocrx_word' id='word_1_150' title='bbox 1037 1904 1143 1969; x_wconf 87' lang='lat' dir='ltr'>partem</span> <span class='ocrx_word' id='word_1_151' title='bbox 1157 1893 1269 1951; x_wconf 86' lang='lat' dir='ltr'>Christii</span> <span class='ocrx_word' id='word_1_152' title='bbox 1284 1894 1387 1951; x_wconf 89' lang='lat' dir='ltr'>editio·</span> 
     </span>
     <span class='ocr_line' id='line_1_19' title="bbox 468 1980 662 2052; baseline 0.005 -19"><span class='ocrx_word' id='word_1_153' title='bbox 468 1980 511 2033; x_wconf 90' lang='lat' dir='ltr'>nis</span> <span class='ocrx_word' id='word_1_154' title='bbox 527 1985 662 2052; x_wconf 79' lang='lat' dir='ltr'>repetere.</span> 
     </span>
     <span class='ocr_line' id='line_1_20' title="bbox 531 2060 1385 2136; baseline 0.002 -19"><span class='ocrx_word' id='word_1_155' title='bbox 531 2061 561 2117; x_wconf 87' lang='lat' dir='ltr'>V.</span> <span class='ocrx_word' id='word_1_156' title='bbox 583 2062 619 2118; x_wconf 85' lang='lat' dir='ltr'>be</span> <span class='ocrx_word' id='word_1_157' title='bbox 636 2060 707 2118; x_wconf 75' lang='lat' dir='ltr'>Calvi</span> <span class='ocrx_word' id='word_1_158' title='bbox 725 2063 953 2136; x_wconf 84' lang='lat' dir='ltr'>interpretatione</span> <span class='ocrx_word' id='word_1_159' title='bbox 970 2061 1123 2120; x_wconf 84' lang='lat' dir='ltr'>tabularum</span> <span class='ocrx_word' id='word_1_160' title='bbox 1138 2062 1385 2121; x_wconf 79' lang='lat' dir='ltr'>Alexandrinarum</span> 
     </span>
     <span class='ocr_line' id='line_1_21' title="bbox 467 2146 975 2222; baseline 0.002 -19"><span class='ocrx_word' id='word_1_161' title='bbox 467 2146 538 2203; x_wconf 86' lang='lat' dir='ltr'>inira</span> <span class='ocrx_word' id='word_1_162' title='bbox 553 2148 699 2222; x_wconf 90' lang='lat' dir='ltr'>separatim</span> <span class='ocrx_word' id='word_1_163' title='bbox 714 2146 835 2204; x_wconf 88' lang='lat' dir='ltr'>dicemus</span> <span class='ocrx_word' id='word_1_164' title='bbox 848 2147 878 2220; x_wconf 74' lang='lat' dir='ltr'>(S</span> <span class='ocrx_word' id='word_1_165' title='bbox 895 2146 975 2221; x_wconf 76' lang='lat'>123).</span> 
     </span>
    </p>
   </div>
   <div class='ocr_carea' id='block_1_3' title="bbox 715 2291 1135 2365">
    <p class='ocr_par' dir='ltr' id='par_1_3' title="bbox 715 2291 1135 2365">
     <span class='ocr_line' id='line_1_22' title="bbox 715 2291 1135 2365; baseline 0.005 -3"><span class='ocrx_word' id='word_1_166' title='bbox 715 2314 756 2363; x_wconf 84' lang='lat' dir='ltr'>De</span> <span class='ocrx_word' id='word_1_167' title='bbox 773 2312 860 2364; x_wconf 82' lang='lat' dir='ltr'>tabula</span> <span class='ocrx_word' id='word_1_168' title='bbox 876 2316 972 2365; x_wconf 79' lang='lat' dir='ltr'>codicis</span> <span class='ocrx_word' id='word_1_169' title='bbox 989 2291 1135 2365; x_wconf 66' lang='lat' dir='ltr'>bobiensis.</span> 
     </span>
    </p>
   </div>
   <div class='ocr_carea' id='block_1_4' title="bbox 401 2417 1386 2748">
    <p class='ocr_par' dir='ltr' id='par_1_4' title="bbox 401 2417 1386 2748">
     <span class='ocr_line' id='line_1_23' title="bbox 401 2417 1386 2494; baseline 0.004 -19"><span class='ocrx_word' id='word_1_170' title='bbox 401 2424 457 2489; x_wconf 76' lang='lat'>122</span> <span class='ocrx_word' id='word_1_171' title='bbox 531 2417 648 2476; x_wconf 79' lang='lat' dir='ltr'>Carmini</span> <span class='ocrx_word' id='word_1_172' title='bbox 667 2419 701 2476; x_wconf 90' lang='lat' dir='ltr'>de</span> <span class='ocrx_word' id='word_1_173' title='bbox 720 2417 888 2494; x_wconf 89' lang='lat' dir='ltr'>ponderibus</span> <span class='ocrx_word' id='word_1_174' title='bbox 904 2417 933 2491; x_wconf 76' lang='lat' dir='ltr'>(S</span> <span class='ocrx_word' id='word_1_175' title='bbox 952 2418 1023 2491; x_wconf 92' lang='grc'>118)</span> <span class='ocrx_word' id='word_1_176' title='bbox 1038 2421 1067 2475; x_wconf 90' lang='lat' dir='ltr'>in</span> <span class='ocrx_word' id='word_1_177' title='bbox 1082 2419 1175 2478; x_wconf 89' lang='lat' dir='ltr'>codice</span> <span class='ocrx_word' id='word_1_178' title='bbox 1189 2420 1316 2478; x_wconf 87' lang='lat' dir='ltr'>bobiensi</span> <span class='ocrx_word' id='word_1_179' title='bbox 1335 2423 1386 2479; x_wconf 88' lang='lat' dir='ltr'>ad-</span> 
     </span>
     <span class='ocr_line' id='line_1_24' title="bbox 469 2504 1386 2580; baseline 0.001 -18"><span class='ocrx_word' id='word_1_180' title='bbox 469 2507 572 2579; x_wconf 88' lang='lat' dir='ltr'>scripta</span> <span class='ocrx_word' id='word_1_181' title='bbox 591 2513 635 2561; x_wconf 89' lang='lat' dir='ltr'>est</span> <span class='ocrx_word' id='word_1_182' title='bbox 650 2504 760 2561; x_wconf 87' lang='lat' dir='ltr'>brevior</span> <span class='ocrx_word' id='word_1_183' title='bbox 775 2504 906 2579; x_wconf 86' lang='lat' dir='ltr'>quaedam</span> <span class='ocrx_word' id='word_1_184' title='bbox 922 2504 1013 2561; x_wconf 86' lang='lat' dir='ltr'>tabula</span> <span class='ocrx_word' id='word_1_185' title='bbox 1029 2521 1081 2578; x_wconf 86' lang='lat' dir='ltr'>qua</span> <span class='ocrx_word' id='word_1_186' title='bbox 1096 2506 1213 2562; x_wconf 78' lang='lat' dir='ltr'>Attica</span> <span class='ocrx_word' id='word_1_187' title='bbox 1227 2506 1386 2580; x_wconf 88' lang='lat' dir='ltr'>pondera</span> 
     </span>
     <span class='ocr_line' id='line_1_25' title="bbox 467 2581 1386 2665; baseline 0.002 -18"><span class='ocrx_word' id='word_1_188' title='bbox 467 2591 549 2648; x_wconf 93' lang='lat' dir='ltr'>bomo</span> <span class='ocrx_word' id='word_1_189' title='bbox 571 2590 681 2665; x_wconf 88' lang='lat' dir='ltr'>qnidam</span> <span class='ocrx_word' id='word_1_190' title='bbox 702 2583 896 2664; x_wconf 78' lang='lat' dir='ltr'>grammaticus</span> <span class='ocrx_word' id='word_1_191' title='bbox 911 2581 1050 2646; x_wconf 86' lang='lat' dir='ltr'>illustrare</span> <span class='ocrx_word' id='word_1_192' title='bbox 1065 2598 1178 2646; x_wconf 88' lang='lat' dir='ltr'>conatus</span> <span class='ocrx_word' id='word_1_193' title='bbox 1193 2599 1236 2647; x_wconf 92' lang='lat' dir='ltr'>est</span> <span class='ocrx_word' id='word_1_194' title='bbox 1244 2585 1273 2664; x_wconf 88' lang='lat'>¹).</span> <span class='ocrx_word' id='word_1_195' title='bbox 1306 2591 1335 2647; x_wconf 85' lang='lat' dir='ltr'>iu</span> <span class='ocrx_word' id='word_1_196' title='bbox 1350 2609 1386 2649; x_wconf 86' lang='lat' dir='ltr'>ea</span> 
     </span>
     <span class='ocr_line' id='line_1_26' title="bbox 468 2674 1382 2748; baseline 0 -16"><span class='ocrx_word' id='word_1_197' title='bbox 468 2691 598 2732; x_wconf 89' lang='lat' dir='ltr'>numeros</span> <span class='ocrx_word' id='word_1_198' title='bbox 614 2677 759 2748; x_wconf 79' lang='lat' dir='ltr'>insigniter</span> <span class='ocrx_word' id='word_1_199' title='bbox 773 2684 921 2748; x_wconf 89' lang='lat' dir='ltr'>corruptos</span> <span class='ocrx_word' id='word_1_200' title='bbox 937 2690 1069 2731; x_wconf 87' lang='lat' dir='ltr'>essenon</span> <span class='ocrx_word' id='word_1_201' title='bbox 1084 2674 1165 2731; x_wconf 87' lang='lat' dir='ltr'>latuit</span> <span class='ocrx_word' id='word_1_202' title='bbox 1178 2675 1382 2747; x_wconf 86' lang='lat' dir='ltr'>Endlicberum,</span> 
     </span>
    </p>
   </div>
   <div class='ocr_carea' id='block_1_5' title="bbox 470 2758 1387 2836">
    <p class='ocr_par' dir='ltr' id='par_1_5' title="bbox 470 2758 1387 2836">
     <span class='ocr_line' id='line_1_27' title="bbox 470 2758 1387 2836; baseline 0.002 -20"><span class='ocrx_word' id='word_1_203' title='bbox 470 2759 522 2816; x_wconf 88' lang='lat' dir='ltr'>etsi</span> <span class='ocrx_word' id='word_1_204' title='bbox 543 2766 647 2816; x_wconf 89' lang='lat' dir='ltr'>rectam</span> <span class='ocrx_word' id='word_1_205' title='bbox 661 2775 710 2816; x_wconf 91' lang='lat' dir='ltr'>eos</span> <span class='ocrx_word' id='word_1_206' title='bbox 725 2758 884 2815; x_wconf 90' lang='lat' dir='ltr'>emendandi</span> <span class='ocrx_word' id='word_1_207' title='bbox 903 2761 972 2816; x_wconf 86' lang='lat' dir='ltr'>viam</span> <span class='ocrx_word' id='word_1_208' title='bbox 988 2775 1043 2816; x_wconf 94' lang='lat' dir='ltr'>non</span> <span class='ocrx_word' id='word_1_209' title='bbox 1060 2760 1177 2833; x_wconf 85' lang='lat' dir='ltr'>invenit,</span> <span class='ocrx_word' id='word_1_210' title='bbox 1200 2777 1280 2835; x_wconf 89' lang='lat' dir='ltr'>quam</span> <span class='ocrx_word' id='word_1_211' title='bbox 1295 2777 1387 2836; x_wconf 86' lang='lat' dir='ltr'>nuper</span> 
     </span>
    </p>
   </div>
   <div class='ocr_carea' id='block_1_6' title="bbox 367 3022 1396 3840">
    <p class='ocr_par' dir='ltr' id='par_1_6' title="bbox 469 3022 1386 3157">
     <span class='ocr_line' id='line_1_28' title="bbox 536 3022 1386 3090; baseline 0.007 -17"><span class='ocrx_word' id='word_1_212' title='bbox 536 3022 565 3088; x_wconf 87' lang='grc'>4)</span> <span class='ocrx_word' id='word_1_213' title='bbox 583 3023 617 3073; x_wconf 88' lang='lat' dir='ltr'>V.</span> <span class='ocrx_word' id='word_1_214' title='bbox 635 3023 806 3074; x_wconf 73' lang='lat' dir='ltr'>Lachmann.</span> <span class='ocrx_word' id='word_1_215' title='bbox 826 3040 854 3089; x_wconf 89' lang='lat' dir='ltr'>p.</span> <span class='ocrx_word' id='word_1_216' title='bbox 870 3026 1031 3089; x_wconf 73' lang='lat' dir='ltr'>nor—408,</span> <span class='ocrx_word' id='word_1_217' title='bbox 1049 3027 1080 3090; x_wconf 78' lang='lat'>2,</span> <span class='ocrx_word' id='word_1_218' title='bbox 1109 3026 1204 3078; x_wconf 86' lang='lat' dir='ltr'>Boetii</span> <span class='ocrx_word' id='word_1_219' title='bbox 1233 3026 1386 3079; x_wconf 86' lang='lat' dir='ltr'>editionem</span> 
     </span>
     <span class='ocr_line' id='line_1_29' title="bbox 469 3089 1097 3157; baseline 0.008 -16"><span class='ocrx_word' id='word_1_220' title='bbox 469 3089 660 3142; x_wconf 86' lang='lat' dir='ltr'>Basileensem</span> <span class='ocrx_word' id='word_1_221' title='bbox 678 3092 745 3140; x_wconf 80' lang='lat' dir='ltr'>nuni</span> <span class='ocrx_word' id='word_1_222' title='bbox 762 3092 828 3142; x_wconf 83' lang='grc'>1646</span> <span class='ocrx_word' id='word_1_223' title='bbox 845 3107 872 3157; x_wconf 85' lang='lat' dir='ltr'>p.</span> <span class='ocrx_word' id='word_1_224' title='bbox 892 3095 957 3143; x_wconf 82' lang='lat'>1212</span> <span class='ocrx_word' id='word_1_225' title='bbox 976 3097 1004 3143; x_wconf 85' lang='lat' dir='ltr'>et</span> <span class='ocrx_word' id='word_1_226' title='bbox 1023 3095 1097 3146; x_wconf 79' lang='lat'>1228.</span> 
     </span>
    </p>

    <p class='ocr_par' dir='ltr' id='par_1_7' title="bbox 470 3158 1388 3296">
     <span class='ocr_line' id='line_1_30' title="bbox 538 3158 1387 3225; baseline 0.006 -15"><span class='ocrx_word' id='word_1_227' title='bbox 538 3160 565 3223; x_wconf 84' lang='lat' dir='ltr'>b)</span> <span class='ocrx_word' id='word_1_228' title='bbox 588 3160 656 3210; x_wconf 83' lang='lat' dir='ltr'>Post</span> <span class='ocrx_word' id='word_1_229' title='bbox 677 3158 815 3210; x_wconf 89' lang='lat' dir='ltr'>Bluminm</span> <span class='ocrx_word' id='word_1_230' title='bbox 839 3166 868 3210; x_wconf 82' lang='lat' dir='ltr'>et</span> <span class='ocrx_word' id='word_1_231' title='bbox 891 3161 1099 3211; x_wconf 80' lang='lat' dir='ltr'>Lachmannum</span> <span class='ocrx_word' id='word_1_232' title='bbox 1121 3161 1255 3225; x_wconf 80' lang='lat' dir='ltr'>(Gromnt.</span> <span class='ocrx_word' id='word_1_233' title='bbox 1277 3162 1331 3214; x_wconf 82' lang='lat' dir='ltr'>vol.</span> <span class='ocrx_word' id='word_1_234' title='bbox 1354 3165 1387 3216; x_wconf 92' lang='lat'>11</span> 
     </span>
     <span class='ocr_line' id='line_1_31' title="bbox 470 3226 1388 3296; baseline 0.008 -21"><span class='ocrx_word' id='word_1_235' title='bbox 470 3246 498 3295; x_wconf 85' lang='lat' dir='ltr'>p.</span> <span class='ocrx_word' id='word_1_236' title='bbox 518 3228 629 3289; x_wconf 81' lang='grc'>64-96)</span> <span class='ocrx_word' id='word_1_237' title='bbox 652 3241 740 3291; x_wconf 89' lang='lat' dir='ltr'>nuper</span> <span class='ocrx_word' id='word_1_238' title='bbox 762 3226 796 3277; x_wconf 89' lang='lat' dir='ltr'>de</span> <span class='ocrx_word' id='word_1_239' title='bbox 818 3227 872 3278; x_wconf 81' lang='lat' dir='ltr'>hcc</span> <span class='ocrx_word' id='word_1_240' title='bbox 896 3245 925 3278; x_wconf 89' lang='lat' dir='ltr'>re</span> <span class='ocrx_word' id='word_1_241' title='bbox 944 3229 1155 3295; x_wconf 78' lang='lat' dir='ltr'>impeditissimo</span> <span class='ocrx_word' id='word_1_242' title='bbox 1173 3231 1388 3296; x_wconf 76' lang='lat' dir='ltr'>disputaverunt</span> 
     </span>
    </p>

    <p class='ocr_par' dir='ltr' id='par_1_8' title="bbox 367 3293 1387 3358">
     <span class='ocr_line' id='line_1_32' title="bbox 367 3293 1387 3358; baseline 0.004 -12"><span class='ocrx_word' id='word_1_243' title='bbox 367 3324 369 3327; x_wconf 95' lang='lat'>·</span> <span class='ocrx_word' id='word_1_244' title='bbox 471 3297 503 3347; x_wconf 84' lang='lat' dir='ltr'>G.</span> <span class='ocrx_word' id='word_1_245' title='bbox 522 3294 666 3345; x_wconf 81' lang='lat' dir='ltr'>Friedlein</span> <span class='ocrx_word' id='word_1_246' title='bbox 684 3293 818 3358; x_wconf 79' lang='lat' dir='ltr'>(Gerbert,</span> <span class='ocrx_word' id='word_1_247' title='bbox 837 3298 878 3346; x_wconf 83' lang='lat' dir='ltr'>die</span> <span class='ocrx_word' id='word_1_248' title='bbox 899 3298 1039 3348; x_wconf 80' lang='lat' dir='ltr'>Geometrie</span> <span class='ocrx_word' id='word_1_249' title='bbox 1057 3299 1103 3348; x_wconf 84' lang='lat' dir='ltr'>des</span> <span class='ocrx_word' id='word_1_250' title='bbox 1119 3298 1243 3350; x_wconf 78' lang='lat' dir='ltr'>Boetbiue</span> <span class='ocrx_word' id='word_1_251' title='bbox 1260 3301 1314 3352; x_wconf 84' lang='lat' dir='ltr'>cet.</span> <span class='ocrx_word' id='word_1_252' title='bbox 1332 3299 1387 3350; x_wconf 86' lang='lat' dir='ltr'>Er·</span> 
     </span>
    </p>

    <p class='ocr_par' dir='ltr' id='par_1_9' title="bbox 471 3363 1388 3565">
     <span class='ocr_line' id='line_1_33' title="bbox 471 3363 1386 3432; baseline 0.004 -18"><span class='ocrx_word' id='word_1_253' title='bbox 471 3364 546 3426; x_wconf 64' lang='lat' dir='ltr'>lang.</span> <span class='ocrx_word' id='word_1_254' title='bbox 561 3363 635 3425; x_wconf 88' lang='grc'>1861,</span> <span class='ocrx_word' id='word_1_255' title='bbox 653 3363 727 3413; x_wconf 82' lang='lat' dir='ltr'>idem</span> <span class='ocrx_word' id='word_1_256' title='bbox 744 3365 774 3412; x_wconf 91' lang='lat' dir='ltr'>in</span> <span class='ocrx_word' id='word_1_257' title='bbox 785 3363 963 3416; x_wconf 83' lang='lat' dir='ltr'>Fleckeiseni</span> <span class='ocrx_word' id='word_1_258' title='bbox 981 3365 1129 3417; x_wconf 76' lang='lat' dir='ltr'>annalibus</span> <span class='ocrx_word' id='word_1_259' title='bbox 1148 3367 1213 3418; x_wconf 88' lang='grc'>1863</span> <span class='ocrx_word' id='word_1_260' title='bbox 1231 3383 1260 3432; x_wconf 90' lang='lat' dir='ltr'>p.</span> <span class='ocrx_word' id='word_1_261' title='bbox 1271 3365 1322 3417; x_wconf 76' lang='lat'>425</span> <span class='ocrx_word' id='word_1_262' title='bbox 1334 3367 1386 3432; x_wconf 80' lang='lat' dir='ltr'>ss.)</span> 
     </span>
     <span class='ocr_line' id='line_1_34' title="bbox 472 3429 1388 3498; baseline 0.004 -16"><span class='ocrx_word' id='word_1_263' title='bbox 472 3435 501 3482; x_wconf 81' lang='lat' dir='ltr'>et</span> <span class='ocrx_word' id='word_1_264' title='bbox 518 3431 555 3484; x_wconf 84' lang='lat' dir='ltr'>M.</span> <span class='ocrx_word' id='word_1_265' title='bbox 574 3429 679 3481; x_wconf 78' lang='lat' dir='ltr'>Cantor</span> <span class='ocrx_word' id='word_1_266' title='bbox 696 3431 918 3491; x_wconf 76' lang='lat' dir='ltr'>(Mathematiacbe</span> <span class='ocrx_word' id='word_1_267' title='bbox 936 3433 1062 3498; x_wconf 82' lang='lat' dir='ltr'>Beitrri&#39;pc</span> <span class='ocrx_word' id='word_1_268' title='bbox 1082 3449 1137 3484; x_wconf 81' lang='lat' dir='ltr'>zum</span> <span class='ocrx_word' id='word_1_269' title='bbox 1160 3434 1318 3486; x_wconf 82' lang='lat' dir='ltr'>Oultorleden</span> <span class='ocrx_word' id='word_1_270' title='bbox 1336 3437 1388 3486; x_wconf 81' lang='lat' dir='ltr'>der</span> 
     </span>
     <span class='ocr_line' id='line_1_35' title="bbox 475 3498 969 3565; baseline 0 -15"><span class='ocrx_word' id='word_1_271' title='bbox 475 3498 580 3558; x_wconf 76' lang='lat' dir='ltr'>leker,</span> <span class='ocrx_word' id='word_1_272' title='bbox 599 3498 663 3550; x_wconf 79' lang='lat' dir='ltr'>Hal.</span> <span class='ocrx_word' id='word_1_273' title='bbox 683 3501 750 3550; x_wconf 90' lang='grc'>1863</span> <span class='ocrx_word' id='word_1_274' title='bbox 766 3516 794 3565; x_wconf 92' lang='lat' dir='ltr'>p.</span> <span class='ocrx_word' id='word_1_275' title='bbox 814 3499 969 3565; x_wconf 81' lang='lat'>184-198).</span> 
     </span>
    </p>

    <p class='ocr_par' dir='ltr' id='par_1_10' title="bbox 471 3565 1386 3702">
     <span class='ocr_line' id='line_1_36' title="bbox 529 3565 1386 3636; baseline 0.008 -21"><span class='ocrx_word' id='word_1_276' title='bbox 529 3566 567 3631; x_wconf 94' lang='grc' dir='ltr'>Ι6)</span> <span class='ocrx_word' id='word_1_277' title='bbox 590 3565 762 3632; x_wconf 82' lang='lat' dir='ltr'>Sitzuapsber.</span> <span class='ocrx_word' id='word_1_278' title='bbox 786 3570 812 3619; x_wconf 85' lang='lat' dir='ltr'>d.</span> <span class='ocrx_word' id='word_1_279' title='bbox 830 3567 990 3620; x_wconf 75' lang='lat' dir='ltr'>Mdncbener</span> <span class='ocrx_word' id='word_1_280' title='bbox 1016 3568 1102 3620; x_wconf 78' lang='lat' dir='ltr'>Atad.</span> <span class='ocrx_word' id='word_1_281' title='bbox 1134 3569 1200 3621; x_wconf 87' lang='grc'>1863</span> <span class='ocrx_word' id='word_1_282' title='bbox 1230 3587 1256 3636; x_wconf 94' lang='lat' dir='ltr'>p.</span> <span class='ocrx_word' id='word_1_283' title='bbox 1279 3572 1326 3621; x_wconf 86' lang='lat'>141</span> <span class='ocrx_word' id='word_1_284' title='bbox 1346 3585 1386 3624; x_wconf 76' lang='lat' dir='ltr'>se.</span> 
     </span>
     <span class='ocr_line' id='line_1_37' title="bbox 471 3635 1020 3702; baseline 0.005 -16"><span class='ocrx_word' id='word_1_285' title='bbox 471 3636 514 3686; x_wconf 90' lang='lat' dir='ltr'>De</span> <span class='ocrx_word' id='word_1_286' title='bbox 534 3638 628 3686; x_wconf 81' lang='lat' dir='ltr'>aetate</span> <span class='ocrx_word' id='word_1_287' title='bbox 646 3636 768 3686; x_wconf 84' lang='lat' dir='ltr'>Abbonis</span> <span class='ocrx_word' id='word_1_288' title='bbox 785 3651 811 3686; x_wconf 88' lang='lat' dir='ltr'>v.</span> <span class='ocrx_word' id='word_1_289' title='bbox 830 3635 896 3690; x_wconf 88' lang='lat' dir='ltr'>ibid.</span> <span class='ocrx_word' id='word_1_290' title='bbox 915 3652 941 3702; x_wconf 90' lang='lat' dir='ltr'>p.</span> <span class='ocrx_word' id='word_1_291' title='bbox 962 3637 1020 3690; x_wconf 90' lang='grc'>118.</span> 
     </span>
    </p>

    <p class='ocr_par' dir='ltr' id='par_1_11' title="bbox 539 3701 1301 3771">
     <span class='ocr_line' id='line_1_38' title="bbox 539 3701 1301 3771; baseline 0.004 -17"><span class='ocrx_word' id='word_1_292' title='bbox 539 3701 567 3768; x_wconf 87' lang='grc'>’1)</span> <span class='ocrx_word' id='word_1_293' title='bbox 585 3702 618 3754; x_wconf 87' lang='lat' dir='ltr'>V.</span> <span class='ocrx_word' id='word_1_294' title='bbox 636 3704 655 3756; x_wconf 98' lang='lat' dir='ltr'>l.</span> <span class='ocrx_word' id='word_1_295' title='bbox 675 3720 697 3754; x_wconf 91' lang='lat' dir='ltr'>c.</span> <span class='ocrx_word' id='word_1_296' title='bbox 716 3720 745 3770; x_wconf 91' lang='lat' dir='ltr'>p.</span> <span class='ocrx_word' id='word_1_297' title='bbox 765 3705 898 3755; x_wconf 80' lang='grc'>141-146</span> <span class='ocrx_word' id='word_1_298' title='bbox 916 3719 957 3755; x_wconf 82' lang='lat' dir='ltr'>ve.</span> <span class='ocrx_word' id='word_1_299' title='bbox 973 3707 1000 3768; x_wconf 89' lang='grc'>3,</span> <span class='ocrx_word' id='word_1_300' title='bbox 1020 3721 1048 3771; x_wconf 93' lang='lat' dir='ltr'>p.</span> <span class='ocrx_word' id='word_1_301' title='bbox 1069 3706 1117 3756; x_wconf 76' lang='lat'>150</span> <span class='ocrx_word' id='word_1_302' title='bbox 1135 3719 1175 3757; x_wconf 87' lang='lat' dir='ltr'>ve.</span> <span class='ocrx_word' id='word_1_303' title='bbox 1194 3707 1301 3758; x_wconf 79' lang='lat'>‘1-152.</span> 
     </span>
    </p>

    <p class='ocr_par' dir='ltr' id='par_1_12' title="bbox 541 3771 1396 3840">
     <span class='ocr_line' id='line_1_39' title="bbox 541 3771 1396 3840; baseline 0.005 -16"><span class='ocrx_word' id='word_1_304' title='bbox 541 3773 566 3835; x_wconf 87' lang='lat'>1)</span> <span class='ocrx_word' id='word_1_305' title='bbox 584 3771 725 3824; x_wconf 84' lang='lat' dir='ltr'>Prisciani</span> <span class='ocrx_word' id='word_1_306' title='bbox 742 3787 857 3838; x_wconf 78' lang='lat' dir='ltr'>gramm.</span> <span class='ocrx_word' id='word_1_307' title='bbox 876 3773 1001 3823; x_wconf 81' lang='lat' dir='ltr'>carmine</span> <span class='ocrx_word' id='word_1_308' title='bbox 1020 3772 1062 3826; x_wconf 90' lang='lat' dir='ltr'>ed.</span> <span class='ocrx_word' id='word_1_309' title='bbox 1080 3772 1231 3824; x_wconf 79' lang='lat' dir='ltr'>Endlicher</span> <span class='ocrx_word' id='word_1_310' title='bbox 1247 3789 1274 3840; x_wconf 93' lang='lat' dir='ltr'>p.</span> <span class='ocrx_word' id='word_1_311' title='bbox 1294 3774 1343 3826; x_wconf 88' lang='grc'>108</span> <span class='ocrx_word' id='word_1_312' title='bbox 1362 3793 1396 3832; x_wconf 84' lang='lat' dir='ltr'>s.-</span> 
     </span>
    </p>
   </div>
   <div class='ocr_carea' id='block_1_7' title="bbox 0 0 1775 4400">
    <p class='ocr_par' dir='ltr' id='par_1_13' title="bbox 0 0 1775 4400">
     <span class='ocr_line' id='line_1_40' title="bbox 0 0 1775 4400; baseline 0 0"><span class='ocrx_word' id='word_1_313' title='bbox 0 0 1775 4400; x_wconf 95' lang='lat' dir='ltr'> </span> 
     </span>
    </p>
   </div>
  </div>
 </body>
</html>
