3534 4400
390 405 477 489 [120]
647 428 773 469 canaan
795 428 837 468 oa
857 428 1068 471 rouoaamus.
1108 447 1110 452 ,
1271 407 1312 471 91

390 561 574 623 dodrantem
597 547 742 639 reliquum
764 562 895 622 vocitant
917 561 1079 639 quadrante
1101 569 1246 631 retracto;

390 680 525 743 cumque
547 663 641 723 triens
663 661 751 731 desit,
775 661 892 725 bessem
912 663 1015 724 dixere
1036 664 1161 741 priores.
1330 682 1364 731 50

389 766 474 827 idem
497 771 671 844 septuncem
694 764 814 843 dempto
837 765 1002 843 quincunce
1023 771 1175 826 vocarunt.

389 866 560 946 posthaec
582 864 711 927 semissis
733 863 819 926 solidi
840 884 909 945 pars
931 866 1057 929 maxima
1079 866 1190 946 fertum

389 988 464 1030 nam
487 986 563 1047 quae
586 967 739 1028 dimidium
763 974 883 1045 superat
904 986 975 1047 pars
996 986 1061 1029 esse
1083 976 1222 1047 negatur,

390 1079 426 1132 ut
450 1071 550 1132 docuit
571 1070 654 1130 tenui
675 1067 810 1130 scribens
832 1070 862 1129 iu
884 1067 1006 1146 putrere
1028 1069 1120 1131 Musa.

391 1181 495 1234 cetera
517 1172 595 1232 dicta
617 1172 701 1248 prius
724 1170 830 1249 quibus
853 1177 898 1230 est
919 1172 1069 1233 semuncia
1092 1174 1195 1233 maior.
1329 1187 1362 1236 55

456 1298 537 1360 Haec
559 1298 596 1359 de
619 1298 815 1377 ponderibus:
838 1306 973 1377 superest
994 1315 1065 1378 pars
1087 1298 1178 1361 altera
1200 1300 1286 1362 nobis

390 1401 513 1462 humida
537 1400 649 1468 metiri,
674 1398 731 1461 sed
748 1400 867 1479 hugum
892 1402 1003 1461 semina
1025 1399 1128 1462 malis.
1294 1406 1298 1412 ’

392 1505 478 1564 caius
500 1502 646 1582 principio
668 1500 754 1561 nohis
775 1502 923 1579 pandetur
945 1504 1037 1580 origo.

393 1623 446 1684 pes
468 1603 558 1682 longo
580 1605 610 1663 in
634 1603 728 1680 spatio
750 1602 868 1683 latoque
891 1601 1009 1681 altoque
1032 1610 1166 1676 notetur,

392 1705 518 1785 angulus
540 1712 573 1767 ut
594 1723 648 1783 par
671 1706 709 1764 sit
731 1722 818 1783 quem
841 1703 950 1765 claudit
972 1691 1193 1785 iinea'tripiem
1326 1719 1359 1769 60

393 1815 532 1887 quattuor
555 1814 585 1867 et
607 1806 736 1867 medium
760 1805 880 1885 quadris
904 1807 1040 1885 cingatur
1062 1806 1164 1868 inane:

392 1908 535 1988 amphora
558 1909 592 1968 fit
614 1906 706 1987 cybus
728 1908 791 1976 hic,
815 1925 905 1986 quam
928 1927 965 1969 ne
987 1907 1097 1969 violare
1119 1907 1236 1980 liceret,

392 2028 546 2072 sacravere
568 2010 628 2070 Iovi
650 2010 776 2087 Tarpeio
798 2011 829 2070 in
851 2019 952 2071 monte
974 2010 1112 2081 Quirites.

391 2110 479 2172 huius
502 2110 654 2171 dimidium
678 2111 734 2170 tert
758 2129 846 2182 urna,
870 2119 903 2172 ut
926 2114 1038 2191 etipsa
1061 2113 1202 2175 medimni

375 2213 550 2294 amphora,
574 2219 678 2292 terque
701 2215 779 2293 capit
800 2214 946 2284 modium;
969 2217 1114 2278 sextarius
1137 2217 1224 2278 istum
1324 2228 1359 2277 55

389 2315 522 2377 sedecies
544 2314 657 2385 haurit,
682 2321 753 2393 quot
774 2314 897 2376 solvitur
919 2318 948 2376 in
972 2317 1077 2394 digitos
1098 2336 1160 2396 pes.

389 2423 419 2476 at
441 2414 568 2496 cotyias,
592 2434 678 2496 quas,
702 2417 728 2475 si
749 2415 878 2493 placeat,
904 2417 1013 2478 dixisse
1035 2417 1134 2478 iicebit
1184 2425 1192 2438 ’

456 2691 497 2740 50.
518 2687 669 2753 ConqueC
737 2687 823 2738 bosen
841 2685 918 2748 AB,
945 2701 1031 2737 uesen
1050 2686 1086 2736 Αί
1172 2691 1213 2740 51.
1232 2695 1307 2755 5551-

387 2774 497 2825 unciem
516 2772 561 2836 A¹,
582 2777 713 2838 septunce
733 2775 775 2822 est
792 2770 831 2836 B,
850 2776 1011 2838 septuncem
1031 2770 1084 2823 aa
1152 2777 1307 2839 quincunce

387 2858 433 2920 A³‚
454 2873 568 2923 qcmque
586 2857 632 2919 A',
653 2857 759 2922 cincuq.
773 2856 821 2907 BC
888 2858 928 2908 53.
948 2872 1011 2906 nam
1031 2872 1101 2930 quae
1115 2857 1213 2922 Airai„
1231 2875 1307 2910 nam-

361 2957 440 3012 ⁴qne
458 2939 497 2992 A¹
566 2941 712 2992 dimedinm
732 2942 756 2990 A
830 2943 871 2993 54.
891 2940 1038 2997 15551551ι
1124 2946 1166 2994 55.
1186 2943 1307 2994 Caetera

389 3029 410 3079 G
477 3031 521 3076 est
538 3026 679 3076 semuncia
697 3024 804 3090 Areu,
824 3041 885 3076 esse
904 3026 988 3076 uncia
1006 3025 1053 3091 A¹,
1077 3033 1151 3078 esset
1168 3030 1251 3078 uncia
1269 3027 1308 3078 A²

387 3113 429 3163 51.
448 3110 529 3161 malis
548 3111 581 3168 A,
600 3110 689 3160 mauis
701 3109 832 3175 BCaaipo
902 3112 944 3161 59.
965 3110 1075 3177 altoque
1095 3128 1146 3162 om.
1159 3113 1209 3163 Bc
1258 3129 1306 3162 no·

388 3200 460 3246 tatur
479 3194 518 3246 Α3
585 3197 627 3246 60.
647 3194 763 3260 angelus
782 3193 818 3244 A¹
889 3196 1026 3260 515550,
1047 3200 1075 3246 51
1092 3196 1196 3262 parsB
1264 3199 1306 3248 61.

389 3282 498 3346 quadris
515 3281 634 3330 medium
647 3279 673 3328 B
741 3280 783 3331 62.
802 3277 929 3344 anphora
941 3279 966 3328 A
987 3282 1047 3343 (red
1063 3281 1195 3345 amphora
1212 3296 1247 3331 55.
1262 3282 1307 3345 65)

436 3365 523 3431 cybus
540 3364 574 3426 A,
594 3365 673 3415 cuius
686 3363 740 3427 Bc,
761 3364 847 3414 cubus
865 3367 938 3429 uulgo
991 3364 1037 3415 hic
1055 3367 1128 3429 rutpo
1147 3381 1194 3416 om.
1264 3368 1306 3416 63.

388 3449 556 3500 immoutaG
657 3450 698 3499 64.
718 3449 865 3499 dimedium
883 3449 909 3498 A
984 3449 1071 3498 fertur
1094 3464 1157 3498 nam
1181 3449 1242 3515 ipsa
1260 3450 1307 3513 A',

389 3533 442 3584 tert
458 3547 528 3583 urna
546 3538 576 3583 ut
593 3534 655 3600 ipsa
673 3533 720 3596 A³,
740 3534 827 3584 fertur
844 3549 908 3583 nam
926 3539 957 3584 ut
974 3536 1037 3599 ipsa
1055 3532 1104 3583 BC
1170 3535 1308 3584 medemni

388 3617 432 3684 A³,
452 3617 560 3668 edemni
579 3615 615 3667 A¹
684 3620 726 3668 66.
747 3619 821 3669 aurit
838 3616 875 3667 A¹
944 3617 1021 3684 quot]
1040 3616 1212 3685 quodA¹BO
1278 3620 1307 3668 in

388 3701 489 3768 digitos
507 3719 556 3769 pas
569 3703 607 3754 A²
624 3706 681 3763 ret,
700 3704 796 3753 indirit
814 3718 895 3768 ospes
910 3701 945 3752 A¹
1015 3707 1056 3756 61.
1076 3702 1114 3770 51]
1136 3702 1171 3750 ad
1183 3703 1208 3751 A
1261 3720 1307 3755 co·

392 3788 455 3841 tilae
472 3788 567 3853 A³BO‚
587 3787 698 3839 colittas
717 3787 753 3837 Αι
811 3803 879 3852 qaas
898 3785 933 3853 si]
953 3791 1033 3854 quasi
1052 3792 1073 3841 0
