3534 4400
519 443 559 506 18
827 458 1070 503 rsonrconman
1090 459 1124 501 nn

518 599 590 658 unde
613 598 645 654 lit
666 597 812 655 cuiuslibet
832 599 873 653 rei
894 599 923 653 in
944 594 1126 671 computando
1147 594 1260 667 divisio,
1285 594 1442 651 solidum

518 684 697 758 appellemus,
713 682 790 737 illum
806 688 896 742 autem
910 696 1051 737 nmmum
1066 695 1192 752 aeneum,
1209 681 1255 753 qni
1267 678 1322 735 init
1334 678 1442 736 denarii

517 786 582 844 pars
594 767 785 837 sextadecima,
796 766 918 822 dicamus
930 780 1039 821 assem
1050 762 1203 821 monetal
1212 780 1270 821 em.
1297 763 1356 819 lam
1369 764 1441 820 ratio

518 852 681 927 simpliciter
700 852 740 907 sic
760 850 897 906 ducenda:
918 866 948 905 as
970 848 1116 906 monetalis
1136 856 1221 922 quota
1241 865 1303 922 pars
1326 856 1374 904 est
1396 848 1441 903 tle·

518 940 605 1007 narii,
631 934 766 1009 siquidem
787 934 861 989 bunc
881 950 970 990 assem
991 934 1047 991 sive
1069 931 1187 991 solidum
1205 932 1321 989 leceris?
1357 930 1442 987 Mimi-

518 1039 579 1078 rum
596 1020 735 1077 semuncia
750 1017 881 1089 sicilicus,
897 1018 925 1075 id
940 1027 982 1075 est
998 1034 1061 1093 pars
1079 1017 1268 1076 sextadecima.
1302 1020 1399 1091 litque
1415 1016 1442 1071 id

447 1175 451 1179 Α
519 1110 609 1181 ipsum
633 1103 723 1161 solidi
743 1119 815 1175 pars
839 1103 1041 1159 sextadecima
1062 1101 1215 1159 Maecianus
1237 1102 1279 1159 his
1301 1102 1442 1177 expressit

429 1233 431 1236 .
519 1188 595 1261 (48);
617 1192 785 1244 semunciae
801 1191 877 1243 enim
893 1189 1020 1244 sedecim
1037 1195 1064 1242 et
1078 1187 1188 1244 sicilici
1200 1188 1328 1245 sedecim
1346 1200 1441 1242 assem

520 1274 660 1344 efficiunt.
705 1272 860 1347 Eademque
881 1274 989 1330 ratione
1009 1280 1113 1329 ceteras
1134 1274 1312 1346 persequitur
1333 1270 1439 1327 denarii

518 1367 611 1433 partes
638 1357 754 1432 siugulis
780 1356 887 1413 assibus
913 1355 1093 1414 monetalibus
1114 1356 1230 1427 additis,
1255 1354 1439 1431 dupondium,

519 1452 652 1515 tressem,
667 1442 774 1515 reliqua
788 1458 878 1515 usque
893 1441 925 1497 ad
942 1442 1145 1515 quindeeiaere:
1168 1440 1214 1497 bic
1227 1443 1299 1498 enim
1313 1440 1379 1497 linis
1397 1455 1440 1495 er-

518 1528 666 1602 positionis
691 1525 832 1582 faciendus
853 1534 928 1599 erat,
956 1526 1085 1600 quoniam
1107 1526 1225 1582 sedecim
1248 1542 1324 1583 asses
1348 1527 1440 1599 ipsum

518 1612 659 1668 denarium
680 1609 811 1668 efficiunt.
853 1609 926 1667 llaec
945 1626 1011 1667 vero
1031 1612 1121 1666 omnia
1142 1627 1156 1665 a
1178 1610 1314 1667 Maeciano
1339 1608 1438 1665 tradita

519 1688 542 1753 si
566 1698 594 1751 in
615 1712 699 1753 unum
721 1695 993 1770 comprehendimus,
1022 1694 1088 1769 quid
1113 1694 1176 1751 inde
1201 1690 1439 1752 concludendum?

520 1781 639 1837 Primum
656 1779 810 1837 Maecianus
830 1780 914 1836 nullis
934 1781 987 1836 nisi
1008 1780 1041 1835 iis
1064 1778 1187 1853 partibus
1207 1779 1297 1853 iisque
1317 1776 1438 1853 appella·

519 1864 641 1920 tionibus
666 1866 771 1934 utitur,
798 1880 868 1936 quae
891 1863 1017 1938 vulgatae
1044 1862 1156 1920 inerunt
1178 1865 1204 1921 in
1227 1862 1347 1920 cuiusvis
1370 1862 1439 1917 assis

519 1950 576 2003 sive
600 1946 680 2003 solidi
699 1947 850 2016 divisione;
871 1947 940 2003 nihil
955 1948 1041 2023 igitur
1056 1949 1110 2003 nisi
1125 1948 1266 2004 (lanarium
1281 1950 1309 2004 in
1326 1945 1438 2005 calculis

518 2030 742 2107 ponendislecit
763 2046 869 2100 assem,
893 2031 920 2087 id
938 2041 981 2088 est
995 2032 1129 2102 solidum,
1155 2040 1237 2106 atque
1254 2048 1329 2090 asses
1346 2044 1439 2088 mone·

519 2116 587 2171 tales
597 2115 733 2187 singulos
757 2123 785 2170 et
803 2114 883 2172 binos
898 2125 926 2172 et
940 2124 1046 2174 ceteros
1064 2118 1198 2190 expressit
1214 2133 1247 2173 ex
1261 2116 1342 2174 solidi
1357 2118 1437 2173 derta-

518 2201 552 2256 ril
568 2202 683 2258 rabone.
713 2200 796 2256 Cuius
810 2203 851 2256 rei
868 2218 948 2258 usum
966 2203 1025 2276 ipse
1043 2202 1195 2260 loculenter
1210 2203 1382 2260 demonstrat
1397 2200 1438 2256 his
1495 2261 1496 2272 χ

520 2284 608 2341 verbis
632 2280 707 2358 (63);
735 2287 966 2358 inpeniosissa'me
994 2297 1105 2359 antem,
1132 2304 1197 2345 cnm
1219 2289 1260 2343 nd
1282 2289 1437 2344 denarium

520 2375 599 2425 ratio
620 2366 831 2440 conficeretur,
847 2375 1040 2428 *casamentis
1060 2376 1141 2428 neris
1157 2379 1228 2430 nota
1250 2377 1370 2430 inventa
1387 2376 1436 2440 est,

493 2481 496 2487 ¹
520 2470 595 2528 qaae
610 2455 740 2512 sedecies
754 2456 951 2530 multiplicata
966 2457 998 2513 s‘d
1013 2455 1159 2528 efficeret:
1180 2475 1248 2514 nam
1265 2473 1330 2513 cnm
1347 2459 1437 2513 dena-

519 2544 561 2597 rii
575 2548 646 2595 nota
661 2541 905 2615 praescribatur,
923 2546 1005 2614 eique
1022 2543 1215 2622 snba'nnpctnr
1233 2547 1313 2598 ueris
1329 2556 1436 2598 eaeor-

520 2629 613 2682 renn‘s
634 2633 720 2697 neta,
746 2627 931 2699 manifestum
956 2635 998 2683 est
1017 2642 1080 2684 eam
1100 2628 1250 2683 sedeciens
1273 2628 1436 2692 ducendam

520 2727 558 2766 ec
584 2709 777 2766 adnotatione
802 2711 927 2769 denarii.
970 2712 1043 2785 Ergo
1070 2713 1093 2769 si
1119 2714 1241 2770 rationes
1263 2712 1436 2785 pecuniariae

520 2792 743 2850 subducebantur
757 2796 785 2850 in
800 2795 919 2851 denariis
936 2803 963 2851 et
978 2804 1088 2869 praeter
1103 2795 1349 2854 solidosdenarios
1364 2809 1436 2854 com·

518 2877 655 2950 putandae
671 2886 749 2934 erant
766 2877 941 2936 denariorum
955 2887 1064 2954 partes,
1086 2897 1121 2937 ne
1135 2882 1205 2938 ratio
1222 2880 1380 2938 turbaretur
1397 2884 1436 2935 tot

519 2962 655 3020 sestertiis
677 2969 751 3018 totve
769 2962 876 3019 assibus
898 2963 1042 3040 adscriptis
1058 2965 1092 3020 ad
1107 2965 1280 3022 denariorum
1293 2979 1434 3028 summam,

520 3052 562 3103 tot
581 3048 675 3119 potius
694 3054 788 3120 partes
814 3047 917 3105 denarii
944 3066 994 3123 pro
1015 3067 1077 3106 asse
1097 3051 1154 3107 sire
1178 3050 1265 3108 solido
1286 3046 1435 3124 computati
1493 3057 1494 3066 ¹

519 3130 702 3204 adiungebant
717 3132 927 3190 ratiocinatores
942 3134 1064 3191 Romani.
1095 3133 1156 3206 Sic,
1175 3142 1206 3190 ut
1223 3134 1347 3210 exemplo
1363 3141 1434 3201 utar,

434 3251 438 3259 ·
492 3222 494 3225 '
519 3231 651 3271 summam
672 3222 781 3272 centum
802 3216 977 3275 denariorum
998 3221 1121 3275 sestertii
1138 3221 1220 3275 unius
1236 3219 1336 3276 assium
1352 3221 1434 3275 trium

518 3299 639 3356 breviter
658 3299 815 3357 scribebant
828 3301 1013 3377 nex-2,
1033 3319 1096 3359 nam
1118 3311 1223 3378 septem
1245 3321 1321 3362 asses
1343 3317 1433 3360 mone·
1492 3353 1493 3378 3

519 3384 588 3440 tales
603 3391 668 3441 sunt
682 3385 786 3442 denarii
802 3395 896 3460 partes
914 3395 1020 3462 septem
1036 3388 1265 3460 sextaedecimae,
1283 3387 1341 3444 sive
1357 3387 1433 3462 quin·

432 3511 437 3518 .
519 3485 573 3542 qne
592 3469 783 3542 duodecimae,
808 3471 841 3528 icl'
856 3480 900 3528 est
921 3473 1044 3547 quinque
1065 3474 1179 3546 unciae,
1202 3481 1229 3530 et
1250 3475 1363 3548 insuper
1382 3485 1432 3528 una

519 3553 727 3629 quadragesima
742 3564 837 3614 octava
846 3544 863 3630 ,’
870 3556 897 3613 id
913 3563 956 3615 est
975 3551 1130 3633 sicilicus⁴).

518 3686 722 3698 w

585 3754 613 3820 4)
636 3755 742 3824 Redige
760 3754 794 3825 1⁷,
813 3757 847 3808 ad
864 3755 913 3824 fl,
938 3755 1009 3808 unde
1033 3755 1101 3808 fiunt
1121 3754 1154 3826 ,ll
1165 3755 1199 3822 -Ι-
1210 3756 1254 3825 2²5.
1290 3755 1432 3822 Copiosius

517 3839 624 3875 omnem
653 3826 791 3877 rationem
821 3827 934 3892 exponit
969 3823 1117 3892 multisque
1153 3825 1285 3891 exemplis
1314 3823 1434 3876 illustret

1307 3901 1312 3928 1

819 4077 827 4102 ¹
1240 4101 1245 4118 l
