3534 4400
462 440 500 484 lv
826 439 1015 481 nuenario.
1033 489 1038 495 ,

395 611 406 627 ·
464 580 593 637 natet.
611 577 910 652 temperatiorem
925 575 1074 649 significavi
1089 582 1155 630 nota
1173 574 1251 647 Spe).
1280 575 1335 632 Nee
1349 577 1383 633 ad

463 666 555 722 locum
569 664 603 719 de
617 664 677 736 agri
694 664 831 718 mensuris
846 661 926 717 omisi
941 677 973 716 ea
989 676 1059 734 quae
1074 658 1261 715 Lachmannus
1273 661 1300 715 iu
1311 660 1381 716 llus.

463 751 548 807 Rhen.
558 750 580 803 ll
592 767 621 822 p.
638 748 701 805 356
716 765 753 803 ss.
771 742 832 819 (Lol
851 747 987 819 exposuit.
1021 745 1139 817 lienique
1155 744 1281 800 adnotavi
1295 744 1382 801 varias

463 837 617 907 scripturas
631 850 701 905 quae
715 831 788 905 apud
795 829 963 886 Priscianum
975 832 1003 885 in
1018 830 1090 885 libro
1102 830 1135 885 de
1147 829 1243 901 liguris
1254 846 1383 887 numero·

463 936 525 975 rum
539 915 568 989 (s
577 916 658 988 15³.)
671 912 934 987 inveniunturll’ra)‚
948 914 994 970 ubi
1009 932 1075 970 usus
1088 932 1148 971 sum
1163 914 1282 969 editione
1292 912 1382 969 Keilii.

463 1004 520 1059 Nec
536 1012 625 1057 tamen
640 1001 806 1074 persuadere
820 1000 887 1055 milri
902 999 981 1073 potui
1002 1001 1091 1054 omnia
1107 1014 1295 1073 quaecumque
1309 999 1382 1073 apud

465 1088 613 1142 Varronem
633 1086 766 1158 leguntur
787 1084 888 1140 omissa
904 1100 918 1138 a
933 1083 1073 1139 Prisciano
1089 1084 1197 1139 obeam
1219 1084 1305 1157 ipsam
1319 1100 1384 1139 cau·

465 1188 523 1227 sam
538 1170 652 1225 Varroni
674 1168 851 1225 ahiudiranda
871 1185 943 1225 esse.
979 1168 1045 1224 Nam
1060 1177 1179 1224 extrema
1194 1168 1303 1241 quidem
1318 1166 1384 1223 Var-

465 1256 542 1311 ronis
561 1254 642 1309 verba
662 1252 690 1324 (S
705 1252 767 1309 174
782 1254 860 1325 qood
874 1254 978 1309 librum
994 1250 1057 1329 cet.)
1078 1253 1176 1309 iniuria
1196 1253 1253 1308 sive
1269 1251 1384 1308 Priscia-

465 1358 518 1395 nus
539 1339 632 1395 omisit
652 1340 710 1393 sire
730 1337 835 1393 librarii
857 1339 933 1407 eius„
965 1354 1046 1411 quam
1074 1337 1274 1410 neglegentiam
1302 1338 1383 1393 etiam

463 1425 527 1479 aliis
542 1423 611 1479 loeis
626 1424 800 1478 commissam
814 1439 877 1478 esse
892 1430 1105 1479 consentaneum
1122 1422 1239 1477 videtur.
1269 1421 1303 1477 Et
1316 1421 1384 1477 alio·

466 1510 532 1582 quin
548 1506 679 1563 nonnulla
696 1515 787 1563 errata
801 1516 867 1563 sunt
882 1506 953 1581 apud
969 1508 1136 1562 Priscianum
1160 1522 1230 1580 quae
1247 1515 1323 1561 reete
1337 1507 1385 1561 lra-

465 1593 533 1648 bent
547 1592 677 1647 Varronis
700 1591 773 1647 libri.
798 1621 837 1631 -
860 1592 890 1647 ln
911 1593 944 1647 lr.
962 1590 1022 1647 109
1044 1609 1071 1665 p.
1087 1591 1143 1661 51,
1161 1589 1199 1645 12
1222 1598 1297 1646 certa
1317 1606 1385 1646 con·

465 1677 570 1733 icctura
586 1678 693 1733 correxi
708 1692 770 1731 esse
782 1696 811 1749 p.
827 1677 914 1733 idest
929 1675 1019 1747 pedes
1036 1693 1068 1731 ex
1080 1674 1230 1731 Florentini
1247 1677 1384 1748 scriptura

465 1772 547 1817 esset.
583 1762 620 1816 lie
639 1762 801 1835 compendio
816 1780 846 1833 p.
863 1761 937 1816 conl.
952 1779 981 1834 p.
997 1758 1053 1828 54,
1071 1760 1120 1815 10.
1143 1758 1200 1829 55,
1217 1758 1257 1815 14
1274 1777 1311 1813 ss.
1331 1759 1384 1829 58,

466 1844 516 1901 27.
541 1844 598 1913 59,
614 1844 672 1913 23,
704 1845 822 1917 denique
845 1844 933 1916 legem
953 1844 1052 1918 parieti
1076 1844 1203 1900 laciundo
1226 1843 1253 1897 in
1274 1842 1302 1897 C.
1319 1843 1338 1898 l.
1353 1842 1384 1899 1..

464 1929 517 1985 vol.
533 1929 543 1983 l
558 1946 586 2001 p.
600 1929 673 1984 577.

531 2014 601 2069 110.
625 2011 755 2069 varronis
768 2012 860 2069 locum
876 2013 909 2068 de
924 2012 1081 2087 agrestibus
1097 2013 1232 2067 mensuris
1247 2010 1295 2084 qui
1316 2010 1384 2083 legi·

466 2100 554 2155 turin
570 2096 642 2153 libro
658 2099 690 2153 de
705 2114 736 2153 re
748 2106 819 2153 rust.
834 2098 846 2152 l
861 2097 932 2171 (cap.
951 2095 1000 2171 10)
1023 2096 1148 2169 vulgatae
1163 2096 1290 2151 lectionis
1309 2112 1385 2152 erro·

465 2182 542 2239 ribus
560 2191 707 2256 purgatum
723 2183 804 2238 edere
818 2201 872 2239 non
891 2185 1054 2257 potuissem,
1073 2182 1126 2237 nisi
1143 2181 1244 2254 insigni
1262 2181 1385 2238 humaui·

466 2276 523 2323 tate
537 2267 569 2322 H.
585 2265 689 2323 Keilius
706 2267 835 2342 precibus
853 2270 921 2323 meis
937 2267 1107 2322 satisfaciens
1123 2283 1155 2321 ex
1173 2265 1312 2322 uberrimo
1333 2284 1384 2322 suo
1444 2255 1457 2264 ”

466 2361 600 2426 apparatu
617 2352 784 2408 Varroniano
803 2353 923 2408 misisset
944 2352 1010 2407 milri
1031 2353 1117 2406 varias
1139 2351 1290 2422 scripturas
1311 2350 1385 2406 codi-

467 2453 528 2492 cum
542 2436 716 2491 Laurentiani
732 2437 779 2506 tl,
795 2435 816 2492 4
831 2436 874 2509 (L)
895 2435 997 2492 saeculi
1011 2434 1055 2489 XV
1070 2442 1098 2490 ct
1113 2434 1268 2490 Caesenatis
1286 2435 1385 2490 biblio·

466 2522 561 2577 thecae
581 2520 783 2577 llalatestiauae
802 2520 854 2594 (ll)
874 2519 975 2577 saeculi
996 2519 1050 2589 XV,
1077 2535 1193 2593 quorum
1218 2519 1252 2574 de
1277 2519 1385 2591 origine

466 2614 548 2680 atque
572 2608 735 2662 auctoritate
757 2606 913 2662 luculenter
933 2605 1061 2679 exposuit
1080 2606 1108 2659 in
1130 2603 1386 2659 obseruationibus

467 2695 584 2746 criticis
608 2697 640 2745 io
660 2691 780 2744 Catonis
803 2700 831 2743 et
859 2691 1001 2744 Varronis
1021 2691 1062 2767 ‘de
1086 2703 1120 2741 re
1143 2691 1257 2742 rustico
1283 2688 1384 2757 tidros,

467 2789 535 2847 quae
559 2774 722 2846 prodierunt
739 2773 812 2829 Halis
827 2791 850 2829 a.
868 2773 959 2830 1849.
998 2773 1140 2828 Praeterea
1161 2771 1231 2826 idem
1250 2781 1324 2828 recte
1342 2789 1386 2829 rue

370 2871 374 2878 ’
466 2857 590 2927 monuit,
613 2873 647 2912 ne
663 2860 818 2914 omitterem
834 2860 933 2914 variam
950 2858 1112 2931 scripturam
1131 2856 1233 2912 codicis
1253 2859 1386 2930 antiquis·

466 2943 529 2998 simi
540 2940 691 2998 Florentini
708 2960 780 2998 nuuc
793 2942 904 3016 perditi,
922 2942 991 2997 unde
1007 2959 1101 2997 omnes
1115 2941 1215 3014 reliqui
1227 2941 1288 2997 libri
1305 2958 1386 2997 mauu

466 3027 564 3100 scripti
586 3027 699 3082 derivati
721 3036 795 3083 sunt.
839 3026 923 3094 Quam
940 3026 1104 3100 scripturam
1126 3025 1190 3082 olim
1211 3026 1388 3082 adnotaverat

466 3110 617 3167 Politianus
640 3111 673 3167 ad
697 3113 846 3182 marginem
866 3111 983 3166 Venetae
1006 3110 1133 3167 editionis
1154 3111 1321 3183 scriptorum
1345 3113 1387 3166 rei

466 3195 587 3251 rusticae
609 3197 743 3270 principis
756 3190 792 3267 ¹);
818 3196 1001 3270 descripserat
1032 3195 1095 3251 inde
1121 3195 1152 3252 Η.
1174 3194 1386 3265 Breuemaunus‚

468 3297 523 3353 quo
539 3288 672 3352 apparatu
687 3289 743 3336 tum
752 3279 887 3335 Gcsucrus
902 3298 969 3336 usus
985 3288 1025 3336 est
1041 3277 1075 3350 (v.
1093 3279 1214 3336 eiusdem
1229 3279 1328 3353 Script.
1346 3279 1387 3336 rei

466 3371 538 3420 rust.
554 3363 659 3437 Lipsiae
676 3365 758 3422 1735
774 3382 801 3438 p.
813 3363 877 3434 XX).
905 3364 957 3420 Sed
973 3380 1060 3438 nuper
1075 3363 1180 3420 Keilius
1196 3394 1234 3402 —
1252 3363 1387 3436 siquidem

535 3528 562 3593 1)
581 3531 654 3580 Usus
673 3545 733 3580 sum
746 3528 871 3593 exemplo
885 3530 944 3579 eius
958 3529 1088 3580 editionis
1099 3528 1266 3588 Dresdensi,
1285 3528 1314 3576 in
1333 3543 1386 3592 quo

468 3596 568 3646 desunt
584 3598 638 3647 XII
655 3599 745 3662 prima
763 3603 793 3646 et
809 3597 837 3646 11
856 3596 953 3647 ultime
972 3596 1056 3658 lolia,
1079 3596 1129 3645 sed
1151 3596 1223 3644 haee
1246 3593 1299 3644 duo
1321 3609 1387 3658 sup-

468 3664 546 3729 pleta
563 3669 628 3715 snut
645 3680 740 3714 manus
759 3665 905 3728 scripture.
933 3665 1078 3729 Leguntur
1095 3664 1125 3712 iu
1142 3661 1197 3712 fine
1214 3661 1387 3726 singularum

467 3733 598 3798 pertinm,
610 3731 878 3796 Cetonir‚Varrouis
891 3735 958 3782 cet:
978 3745 1069 3782 orrea
1086 3745 1123 3780 nr
1140 3743 1264 3792 nprrrusa
1283 3744 1387 3780 musore

467 3826 501 3835 -
518 3815 652 3852 ursanus
671 3827 704 3835 -
721 3797 980 3852 mccccmxxn.
