3534 4400
480 378 557 425 XXII
844 382 1030 424 PRAEFATIO.

399 557 406 583 Ι
479 522 498 593 3
522 521 571 577 29.
596 519 717 575 Sertarii.
731 528 795 575 nota
816 528 859 575 est
881 514 903 575 S
924 520 1088 592 perscripta:
1112 518 1204 574 debuit
1226 534 1285 574 esse
1305 511 1331 591 ξ.
1355 548 1391 558 -

481 606 566 677 331.
586 602 654 661 Nota
671 604 776 678 cotylae
793 596 843 663 LS
859 602 931 659 unde
951 612 1011 659 orta
1031 605 1084 672 sit,
1106 620 1161 659 non
1177 602 1277 676 liquet:
1299 604 1396 675 genui·

481 706 548 746 num
565 697 608 745 est
624 682 673 749 ΚΟ.
691 719 726 730 -
745 688 762 759 3
779 688 828 745 32.
845 687 959 744 Sertorii
976 696 1042 743 nota
1061 686 1151 744 eadem
1169 704 1237 761 quae
1253 686 1270 757 3
1286 686 1337 743 29.
1355 717 1394 728 -

481 774 566 845 333.
580 772 743 847 Corruptam
765 773 854 845 cyathi
874 782 966 829 notam
990 772 1070 827 talem
1094 772 1181 846 qualis
1202 773 1229 827 in
1244 772 1337 828 codice
1352 780 1397 827 est

481 858 611 931 repetivi:
628 858 722 914 debuit
738 874 798 914 esse
814 850 920 913 l<⁰..—-
937 858 1035 914 Ibidem
1051 864 1079 911 et
1096 856 1113 927 3
1130 855 1171 913 34
1187 856 1314 929 dragmae
1328 864 1398 913 notu

480 953 523 999 est
541 938 578 1000 Ι.
593 986 601 1014 ,
617 940 713 998 similis
729 959 760 999 ac
774 960 856 1015 supra
872 942 890 1013 3
906 942 956 999 23.

547 1025 616 1084 134.
640 1027 713 1083 lianc
736 1026 854 1083 tabulam
868 1028 1056 1085 Lachmannus
1072 1028 1099 1081 in
1115 1026 1234 1081 Gromat.
1252 1043 1279 1098 p.
1295 1024 1355 1083 339
1373 1041 1398 1080 s.

482 1112 566 1169 edidit
581 1128 596 1166 ε
611 1111 705 1168 codice
723 1112 845 1168 Gudiauo
862 1111 921 1170 105
938 1128 1008 1167 saec.
1024 1112 1058 1167 tx
1072 1110 1113 1165 vel
1127 1111 1149 1167 X
1165 1109 1199 1182 (v.
1215 1108 1348 1166 Blumium
1367 1110 1399 1165 in

481 1197 601 1251 Gromat.
611 1195 663 1251 vol.
672 1196 693 1251 ll
703 1214 730 1270 p.
740 1192 803 1269 42),
817 1194 935 1269 quocum
950 1203 1055 1251 tentum
1067 1211 1122 1250 non
1135 1196 1162 1250 in
1176 1193 1300 1251 omnibus
1313 1192 1399 1249 rebus

483 1279 639 1337 consentire
661 1281 760 1337 dicitur
777 1281 922 1337 Vaticanus
944 1280 1042 1351 1564,
1063 1280 1128 1335 olim
1148 1278 1295 1336 Palatinus.
1327 1277 1400 1333 Con·

482 1372 537 1421 stat
558 1366 612 1420 hoc
631 1364 815 1437 fragmentum
836 1382 868 1421 er
888 1365 992 1421 duabus
1007 1364 1131 1439 partibus
1146 1371 1174 1419 et
1192 1380 1222 1419 re
1236 1371 1264 1418 et
1277 1364 1401 1420 auctori·

483 1458 539 1506 tate
560 1450 685 1506 diversis.
719 1448 797 1505 Nam'
804 1452 881 1523 prior
903 1467 969 1524 pars
991 1466 1060 1523 quae
1076 1457 1118 1505 est
1136 1448 1168 1503 de
1184 1448 1318 1503 mensuris
1332 1464 1402 1521 por-

408 1561 410 1564 ·
483 1536 566 1589 rectis
595 1543 622 1589 et
652 1534 791 1606 quadratis
822 1534 958 1591 simillima
983 1541 1025 1589 est
1047 1531 1249 1606 antiquioribus
1270 1534 1328 1587 eius
1350 1548 1404 1605 ge·

483 1620 557 1673 neris
575 1618 691 1684 tabulis}
717 1619 808 1675 altera.
824 1628 914 1676 autem
935 1636 998 1692 pars
1015 1617 1123 1673 exhibet
1139 1617 1290 1691 ponderum
1305 1616 1403 1690 appel·

484 1704 600 1759 lationes
619 1703 803 1759 incredibilem
824 1706 852 1759 in
872 1704 981 1761 modum
997 1711 1152 1775 corruptas.
1183 1701 1304 1770 Quorum
1318 1708 1404 1757 notas

484 1790 517 1843 iis
539 1787 572 1841 de
595 1790 684 1843 causis
705 1806 774 1860 quae
790 1807 872 1863 supra
887 1789 1086 1847 demonstratae
1103 1796 1167 1843 sunt
1181 1782 1263 1859 paulo
1279 1786 1403 1841 diversus

483 1870 615 1926 edidimus
638 1871 891 1929 abachmunnianis
913 1872 1065 1928 eGudiano
1081 1873 1222 1944 repetitis;
1245 1887 1305 1927 nam
1323 1869 1403 1940 318

400 1995 403 2001 -
484 1965 511 2009 et
527 1955 564 2010 19
587 1964 667 2010 notae
688 1956 814 2012 dimidiae
835 1956 956 2012 sertulae
979 1965 1006 2013 et
1027 1954 1148 2011 sextulae
1171 1972 1256 2028 paene
1278 1956 1404 2011 iacentes

484 2056 628 2112 expressae
652 2049 717 2095 sunt
738 2041 809 2114 apud
829 2041 1044 2109 brachmanum,
1065 2047 1092 2095 et
1115 2040 1133 2111 3
1155 2040 1195 2097 20
1217 2038 1313 2095 sicilici
1333 2046 1404 2095 nota

483 2123 583 2179 ibidem
595 2133 637 2179 est
655 2118 671 2200 2
689 2124 826 2181 dexteram
843 2142 937 2181 versus
959 2134 1064 2200 partem
1079 2126 1177 2180 iacens.
1209 2126 1300 2197 Atque
1317 2124 1405 2179 etiam

484 2209 553 2280 321
567 2217 633 2264 nota
650 2210 774 2266 binarum
790 2211 957 2267 scutularum
973 2211 1142 2284 aliquatenus
1158 2210 1258 2265 dillert.
1288 2210 1323 2264 be
1338 2224 1406 2282 par·

486 2293 559 2348 tibus
576 2295 646 2349 assis
662 2293 691 2364 (3
708 2294 842 2367 24-34)
859 2295 1056 2370 supradictum
1072 2304 1114 2350 est
1128 2295 1160 2351 ad
1176 2295 1207 2350 lr.
1227 2295 1295 2351 133.

551 2377 620 2434 135.
644 2377 719 2434 Hanc
743 2388 771 2434 et
793 2382 943 2454 proximam
965 2377 1084 2436 tabulam
1100 2396 1115 2436 ε
1132 2378 1238 2436 duobus
1261 2377 1405 2435 codicibus

484 2463 684 2519 blutinensibus
700 2464 845 2540 descripsit
860 2466 889 2520 b.
903 2464 1088 2533 betlelseuus,
1112 2465 1195 2538 idque
1214 2463 1405 2537 apographum

485 2548 551 2605 mihi
571 2551 716 2605 concessit.
746 2554 837 2623 litque
856 2551 924 2606 haec
943 2550 1020 2622 prior
1042 2547 1132 2608 tabula
1149 2551 1177 2604 in
1192 2549 1250 2604 cod.
1269 2547 1331 2604 580
1346 2545 1405 2617 (lV.

484 2633 516 2689 H.
539 2632 568 2704 B)
590 2651 661 2690 saec.
684 2633 740 2688 Xlll
763 2635 883 2691 ineuntis
910 2634 1035 2690 adiuncta
1060 2642 1102 2689 est
1123 2633 1218 2689 Sereni
1238 2631 1406 2689 Sammonici

486 2719 606 2772 carmini.
628 2748 663 2759 —
683 2718 700 2788 3
719 2719 821 2773 1-12
838 2727 918 2775 notas
937 2735 1030 2774 omnes
1047 2719 1086 2774 sic
1103 2717 1210 2774 exhibui
1227 2717 1320 2790 quales
1336 2725 1405 2772 sunt

486 2803 514 2856 in
535 2799 645 2870 codice,
668 2804 721 2857 nisi
744 2802 818 2876 quod
839 2803 951 2876 scripuli
972 2811 1037 2859 nota
1056 2799 1083 2874 (3
1097 2799 1125 2876 5)
1142 2801 1257 2858 similior
1274 2809 1316 2858 est
1330 2800 1404 2856 binis

487 2880 529 2941 SS
551 2887 730 2958 perscriptis,
752 2886 865 2958 perinde
885 2896 967 2961 atque
989 2890 1015 2942 in
1040 2887 1131 2943 codice
1153 2885 1344 2958 Bamhergensi
1366 2882 1403 2955 (v.

486 2969 587 3037 Christ.
601 2987 628 3042 p.
647 2968 706 3024 142
724 2979 802 3039 extr„
820 2989 847 3044 p.
863 2971 924 3028 143
942 2989 979 3026 vs.
997 2973 1045 3030 10.
1065 2970 1124 3042 13).
1140 2970 1214 3041 -3
1234 2971 1272 3027 13
1291 2986 1404 3026 sescun-

487 3053 545 3110 ciae
565 3062 630 3110 nota
651 3062 695 3110 est
717 3051 739 3112 ί
759 3057 957 3130 perscriptum:
978 3056 1038 3112 vide
1061 3056 1094 3112 ad
1116 3056 1148 3111 lr.
1172 3055 1231 3112 133
1255 3055 1272 3126 3
1295 3053 1343 3111 12.
1363 3084 1401 3096 -

488 3136 564 3208 314
580 3157 617 3194 εε,
634 3139 668 3194 de
689 3141 762 3196 notis
779 3159 802 3195 v.
818 3141 950 3214 prael'ad
972 3141 1083 3198 lr.133
1102 3142 1160 3196 init.
1181 3169 1215 3180 -
1234 3140 1252 3212 3
1273 3137 1313 3196 24
1334 3140 1405 3194 mira

488 3230 530 3277 est
543 3224 613 3277 assis
629 3232 694 3280 nota
707 3217 741 3292 Χ,
756 3242 837 3297 quam
854 3234 943 3280 tamen
957 3235 992 3280 ut»
1003 3225 1035 3280 ab
1050 3221 1162 3281 auctore
1177 3241 1232 3280 uon
1249 3223 1403 3297 spernendo

490 3307 613 3363 traditam
628 3308 703 3364 nolui
720 3311 872 3366 immutare.

555 3392 626 3449 136.
645 3394 701 3449 Ηοε
715 3394 898 3466 fragmentum
913 3394 1016 3466 legitur
1031 3395 1058 3448 in
1074 3393 1167 3450 codice
1180 3379 1326 3449 Mutinensi
1341 3391 1405 3450 190

489 3476 529 3546 (V.
546 3475 574 3530 G.
590 3477 641 3549 37)
658 3495 727 3534 saec.
743 3478 786 3534 XV
802 3480 872 3534 med.
902 3478 932 3534 ld
948 3479 1027 3552 plane
1046 3481 1227 3552 compositum
1245 3486 1291 3533 est
1308 3493 1406 3534 seeun-

488 3562 553 3616 dum
568 3562 701 3618 lsidorum
719 3560 800 3640 (apud
814 3581 865 3619 nos
880 3563 914 3619 lr.
932 3563 1012 3634 127).
1049 3563 1153 3618 blarimi
1167 3571 1258 3618 autem
1274 3561 1406 3618 momenti

488 3663 551 3701 esse
567 3648 673 3703 videtur
689 3647 763 3720 quod
779 3649 822 3704 bio
838 3648 922 3703 codex
937 3646 1096 3707 Mutinensis
1113 3648 1232 3722 quamvis
1248 3648 1407 3703 recentissi-

488 3747 549 3787 mus
565 3733 658 3788 talenti
674 3741 766 3788 notam
779 3728 807 3807 (3
821 3727 870 3807 21)
888 3733 945 3789 lere
961 3735 1110 3808 integram,
1133 3741 1162 3788 ut
1176 3731 1296 3802 videtur,
1311 3729 1405 3802 habet,
