3534 4400
436 405 489 453 xlI
606 454 612 461 ,
803 412 993 456 eumancio.

438 558 542 621 quater
557 550 738 622 adsumptus.
756 580 793 590 -
811 551 861 607 71.
872 554 1000 606 sectarii
1011 549 1190 607 Endlicherus
1204 550 1289 607 edidit
1304 570 1354 625 pro

437 634 549 707 vulgato
564 643 644 691 antea
660 640 787 705 sectari,
808 638 932 707 quicum
948 634 1008 692 aliis
1025 634 1094 690 locis
1109 633 1213 708 ubique
1228 635 1353 709 vulgatae

439 720 590 791 scripturae
605 720 763 775 varietatem
775 719 880 790 afferat,
892 720 936 775 hic
951 727 1041 775 autem
1056 719 1125 773 nihil
1141 719 1220 792 plane
1232 718 1354 793 adnotet,

438 801 533 858 dubito
549 819 614 857 num
628 809 760 859 sectarii
773 802 914 873 balneati,
928 811 1001 859 certe
1017 803 1044 858 id
1059 819 1114 858 non
1131 820 1146 858 a
1161 805 1249 876 prima
1263 820 1354 861 manu.

439 885 504 941 Utnt
524 895 583 953 est,
605 888 664 943 sine
684 888 768 943 dubio
791 894 906 944 sectari
928 887 1117 956 scribendum,
1145 888 1274 959 quoniam
1299 906 1355 962 quo

439 970 607 1026 emendatior
618 973 746 1027 carminis
757 972 844 1028 lorma
856 972 969 1045 prodiit,
981 988 1014 1027 eo
1029 972 1117 1044 magis
1132 970 1297 1028 declaratum
1312 982 1355 1029 est

439 1055 600 1127 scriptorem
625 1057 665 1110 rei
685 1057 814 1111 metricae
838 1056 909 1112 bene
930 1071 1044 1129 gnarum
1069 1055 1156 1110 iuissc
1178 1072 1229 1111 nec
1256 1056 1354 1130 longas

437 1136 590 1209 brevesque
605 1137 723 1211 syllabas
740 1138 812 1195 inter
827 1158 857 1196 se
872 1140 1039 1197 couludisse.
1068 1138 1118 1207 Qui
1135 1156 1195 1194 cum
1207 1145 1355 1198 scutarius

438 1238 477 1275 νε.
500 1220 539 1277 65
564 1222 732 1278 insecenda
758 1224 860 1296 syllaba
885 1232 961 1280 recte
987 1222 1160 1297 produxerit,
1185 1225 1246 1296 quis
1271 1234 1354 1299 neget

440 1305 505 1377 quin
520 1304 602 1377 paulo
621 1315 685 1378 post
698 1314 830 1381 *sectarii
846 1308 974 1364 librarius
995 1309 1087 1381 potius
1110 1309 1253 1380 scalpserit
1274 1326 1353 1383 quam

439 1389 568 1459 antiquus
588 1391 688 1462 poeta?
724 1392 837 1448 Accedit
859 1393 933 1466 quod
955 1393 1027 1448 idem
1044 1396 1160 1447 sectari
1176 1391 1355 1464 probabiliter

438 1472 549 1527 restitui
564 1490 602 1528 νε.
613 1473 664 1544 80,
681 1474 728 1531 ubi
745 1492 807 1531 cnm
821 1477 904 1550 vulgo
920 1493 952 1533 ex
968 1476 1141 1549 interpolatis
1157 1474 1235 1531 libris
1252 1478 1354 1533 editum

440 1557 476 1611 sit
491 1563 641 1628 scutario,
662 1560 690 1613 iu
705 1561 727 1613 Α
743 1569 834 1615 autem
850 1563 1003 1617 inveniatur
1018 1565 1046 1615 si
1060 1565 1222 1630 sectarios,
1243 1570 1354 1636 apparet

439 1657 471 1695 er
485 1640 538 1698 hac
553 1651 682 1715 corrupta
699 1645 834 1716 scriptura
853 1646 947 1702 eodem
967 1647 1026 1701 iure
1045 1648 1162 1700 sectari
1182 1644 1243 1701 elici
1260 1663 1353 1719 posse,

439 1725 512 1796 quod
527 1743 612 1781 unum
630 1735 786 1784 structurae
802 1729 884 1785 huius
900 1729 953 1786 loci
975 1731 1126 1786 conveniat.
1160 1728 1196 1784 lle
1212 1739 1351 1788 contracta

439 1810 557 1879 genetivi
583 1811 671 1864 iorme
692 1812 763 1866 coni.
781 1830 817 1868 νε.
834 1812 904 1869 127.
926 1844 959 1853 -
979 1814 1026 1869 72.
1045 1815 1201 1884 accipitri,
1221 1816 1355 1885 capiatli

438 1890 530 1963 vulgo.
548 1921 586 1931 —
607 1892 654 1948 73.
672 1902 773 1963 cqotos
787 1910 818 1949 er
833 1899 855 1949 A
870 1905 898 1951 et
913 1898 954 1952 sic
968 1906 1040 1969 pert
1054 1896 1168 1971 reliquis
1184 1898 1252 1953 locis
1267 1901 1354 1971 scrip·

438 1976 545 2044 sissem,
564 1975 621 2031 nisi
637 1993 674 2031 νε.
688 1977 730 2034 80
747 1980 867 2049 equitas
881 1984 909 2035 in
925 1975 958 2034 Α1
975 1980 1030 2054 legi
1047 1980 1223 2037 Endlicherus
1242 1981 1354 2038 doceret

438 2058 471 2112 ad
490 2076 527 2113 vs.
546 2059 594 2114 75.
628 2059 680 2115 Sed
690 2077 729 2116 -eo
745 2062 805 2135 ipso
821 2063 882 2120 loco
901 2064 954 2120 duo
971 2065 1213 2138 deprehenduntnr
1230 2067 1354 2139 typothe-

437 2151 482 2196 tae
503 2159 612 2198 errores
630 2142 759 2216 (cltqotos
786 2146 901 2204 alterum
923 2166 976 2222 pro
1001 2150 1120 2223 etquis,
1149 2158 1176 2206 et
1198 2156 1284 2223 cqaci
1302 2167 1353 2226 pro

439 2226 544 2298 epoti),
569 2245 637 2301 quae
654 2229 767 2287 editoris
783 2232 958 2306 neglegentia
974 2237 1054 2291 etiam
1070 2235 1172 2291 codicis
1190 2236 1353 2309 scripturam

437 2329 476 2366 νε.
494 2312 535 2368 80
550 2312 659 2368 dubiam
674 2315 771 2370 reddit.
786 2347 829 2359 --
848 2318 897 2375 78.
914 2322 1064 2375 coclearia
1080 2319 1149 2375 edidi
1166 2336 1197 2374 ex
1215 2319 1254 2374 BC
1270 2319 1354 2376 idem·

439 2411 492 2466 que
512 2397 608 2452 suadet
628 2400 666 2462 Α;
698 2399 867 2457 cochlearia
889 2403 979 2476 vulgo.
1019 2405 1086 2459 ltem
1108 2421 1145 2459 vs.
1169 2403 1217 2460 83.
1239 2434 1283 2444 -
1303 2405 1352 2461 83.

437 2481 688 2553 scripulique'hoc
708 2484 770 2540 loco
787 2490 886 2542 licum
908 2487 961 2552 BC;
984 2487 1064 2561 vulgo
1081 2489 1255 2560 scriptique,
1276 2497 1307 2543 ut
1328 2491 1349 2543 ll

438 2564 517 2620 hahet
532 2565 646 2640 reliquis
662 2567 740 2625 locis.
750 2599 790 2609 -
805 2571 854 2628 89.
870 2582 1002 2644 superest
1013 2567 1218 2641 dicacissime,
1233 2580 1354 2643 superat

436 2649 577 2722 vulgo—
587 2651 637 2706 93.
649 2653 816 2721 sairanem
832 2665 936 2711 temere
950 2657 1032 2730 vulgo
1045 2657 1146 2712 addet:
1167 2657 1238 2712 coni.
1253 2673 1291 2710 vs.
1301 2656 1351 2711 95.

436 2761 478 2770 -
490 2733 538 2788 95.
555 2735 650 2788 oliuae
660 2752 715 2790 nou
728 2737 847 2792 dubitavi
859 2741 983 2812 recipcre
995 2758 1026 2795 ex
1037 2734 1069 2794 Α1
1082 2756 1132 2812 pro
1145 2738 1254 2810 vulgato
1267 2741 1353 2809 atioi;

436 2832 498 2870 nam
521 2817 553 2871 ad
575 2819 681 2872 olivum
702 2822 859 2892 appositum
882 2825 1025 2896 epitlreton
1046 2824 1144 2880 lateas
1165 2823 1302 2900 abundav„
1326 2833 1353 2880 at

437 2901 514 2954 stiva
531 2900 630 2956 labeas
646 2901 706 2971 (die
720 2905 864 2976 pleiteade
880 2907 1041 2980 Oelsaucltt)
1060 2916 1102 2966 est
1120 2907 1188 2963 oliva
1204 2909 1352 2982 premendo

435 2987 463 3038 iu
478 2983 612 3057 liquidnm
626 2986 717 3043 oleum
732 2995 851 3058 ululata,
871 3009 940 3063 quae
956 2992 1060 3049 locutio
1075 2994 1128 3047 etsi
1144 2995 1299 3049 contortior
1315 2993 1353 3047 vi·

436 3068 549 3138 deutur,
574 3079 664 3125 tamen
679 3073 790 3126 minime
807 3072 937 3132 abhorret
948 3077 985 3132 eb
1000 3077 1074 3132 illius
1089 3076 1190 3131 saeculi
1208 3086 1351 3150 poetarum

434 3169 496 3206 usu.
517 3183 561 3192 —
587 3154 656 3211 103.
682 3164 804 3228 arpenta
833 3159 904 3214 edidi
928 3179 959 3216 cx
983 3161 1045 3215 Alte
1077 3160 1204 3233 idemque
1230 3163 1353 3217 restituit

435 3235 627 3302 Schenkelius;
651 3239 731 3311 vulgo
744 3248 868 3313 arpenti.
884 3274 919 3283 -
939 3244 1009 3301 104.
1023 3246 1158 3300 larundo
1170 3245 1222 3317 AC,
1236 3246 1352 3301 arando
1391 3305 1394 3312 ,

433 3318 526 3392 vulgo.
542 3348 585 3361 -
601 3322 670 3380 108.
695 3323 765 3380 bene
789 3324 967 3384 Endliclrerus
995 3346 1089 3402 aequa
1113 3332 1185 3385 call
1214 3331 1351 3394 restituit;

435 3402 483 3458 sed
517 3404 680 3462 indicativus
708 3420 828 3466 secatur
858 3415 975 3484 requirit
1004 3415 1141 3470 relativam
1175 3416 1351 3470 sententiam:

433 3488 531 3560 scripsi
548 3489 633 3560 igitur
654 3501 695 3548 tat
716 3511 791 3565 quae
806 3512 901 3567 aequa
922 3502 954 3551 iu
967 3497 1063 3566 frusta
1080 3508 1208 3556 secatur.
1222 3530 1267 3542 —
1283 3500 1353 3555 112.

433 3575 460 3626 si
473 3568 521 3637 A¹;
537 3574 609 3628 conl.
626 3592 664 3631 vs.
682 3577 758 3646 114;
780 3586 827 3635 sia
842 3581 933 3653 vulgo.
951 3613 993 3624 -
1006 3600 1060 3638 νεε.
1079 3583 1248 3640 113-115
1263 3583 1352 3639 alieno

432 3655 495 3713 loco
522 3658 651 3714 inculcati
677 3670 704 3716 et
727 3671 791 3736 post
813 3681 852 3720 νε.-
875 3665 935 3721 118
961 3668 1111 3740 reponendi
1140 3685 1200 3723 esse
1225 3668 1352 3722 violentur

432 3741 550 3798 Christio
568 3742 596 3798 in
610 3743 678 3801 llus.
693 3745 777 3804 llhen.
793 3748 837 3804 XX
852 3767 878 3821 p.
894 3748 941 3804 72.
957 3780 999 3791 -
1015 3750 1086 3807 113.
1104 3752 1181 3823 qaod
1196 3755 1224 3806 si
1236 3759 1264 3808 et
1277 3749 1348 3806 116.
