<?xml version="1.0" encoding="UTF-8"?>
<!DOCTYPE html PUBLIC "-//W3C//DTD XHTML 1.0 Transitional//EN"
    "http://www.w3.org/TR/xhtml1/DTD/xhtml1-transitional.dtd">
<html xmlns="http://www.w3.org/1999/xhtml" xml:lang="en" lang="en">
 <head>
  <title>
</title>
<meta http-equiv="Content-Type" content="text/html;charset=utf-8" />
  <meta name='ocr-system' content='tesseract 3.04.00' />
  <meta name='ocr-capabilities' content='ocr_page ocr_carea ocr_par ocr_line ocrx_word'/>
</head>
<body>
  <div class='ocr_page' id='page_1' title='image "./metrologicorums00hultgoog_0042.png"; bbox 0 0 3534 4400; ppageno 0'>
   <div class='ocr_carea' id='block_1_1' title="bbox 502 355 1083 422">
    <p class='ocr_par' dir='ltr' id='par_1_1' title="bbox 502 355 1083 422">
     <span class='ocr_line' id='line_1_1' title="bbox 502 355 1083 422; baseline -0.005 -5"><span class='ocrx_word' id='word_1_1' title='bbox 502 355 524 417; x_wconf 91' lang='grc'>4</span> <span class='ocrx_word' id='word_1_2' title='bbox 600 417 604 422; x_wconf 77' lang='grc'>,</span> <span class='ocrx_word' id='word_1_3' title='bbox 795 373 1035 415; x_wconf 77' lang='lat' dir='ltr'><strong>enonnuouuua</strong></span> <span class='ocrx_word' id='word_1_4' title='bbox 1050 374 1083 415; x_wconf 87' lang='lat' dir='ltr'><strong>ru</strong></span> 
     </span>
    </p>
   </div>
   <div class='ocr_carea' id='block_1_2' title="bbox 505 508 1418 925">
    <p class='ocr_par' dir='ltr' id='par_1_2' title="bbox 505 508 1482 939">
     <span class='ocr_line' id='line_1_2' title="bbox 505 508 1415 582; baseline -0.019 -11"><span class='ocrx_word' id='word_1_5' title='bbox 505 522 559 571; x_wconf 90' lang='lat' dir='ltr'><strong>tur.</strong></span> <span class='ocrx_word' id='word_1_6' title='bbox 589 511 623 568; x_wconf 92' lang='lat' dir='ltr'><strong>Ut</strong></span> <span class='ocrx_word' id='word_1_7' title='bbox 637 512 672 566; x_wconf 89' lang='lat' dir='ltr'><strong>ll.</strong></span> <span class='ocrx_word' id='word_1_8' title='bbox 686 510 863 582; x_wconf 83' lang='lat' dir='ltr'>Trebellium,</span> <span class='ocrx_word' id='word_1_9' title='bbox 879 510 1041 569; x_wconf 78' lang='lat' dir='ltr'><strong>familiarem</strong></span> <span class='ocrx_word' id='word_1_10' title='bbox 1057 526 1147 580; x_wconf 86' lang='lat' dir='ltr'><strong>suum,</strong></span> <span class='ocrx_word' id='word_1_11' title='bbox 1163 509 1197 565; x_wconf 91' lang='lat' dir='ltr'><strong>de</strong></span> <span class='ocrx_word' id='word_1_12' title='bbox 1213 508 1286 581; x_wconf 88' lang='lat' dir='ltr'><strong>agris</strong></span> <span class='ocrx_word' id='word_1_13' title='bbox 1303 514 1415 560; x_wconf 90' lang='lat' dir='ltr'><strong>comme·</strong></span> 
     </span>
     <span class='ocr_line' id='line_1_3' title="bbox 506 590 1417 670; baseline -0.016 -17"><span class='ocrx_word' id='word_1_14' title='bbox 506 595 604 654; x_wconf 91' lang='lat' dir='ltr'><strong>tiendis</strong></span> <span class='ocrx_word' id='word_1_15' title='bbox 625 596 759 654; x_wconf 90' lang='lat' dir='ltr'><strong>rationem</strong></span> <span class='ocrx_word' id='word_1_16' title='bbox 781 614 796 652; x_wconf 92' lang='lat' dir='ltr'><strong>a</strong></span> <span class='ocrx_word' id='word_1_17' title='bbox 818 612 847 652; x_wconf 91' lang='lat' dir='ltr'><strong>se</strong></span> <span class='ocrx_word' id='word_1_18' title='bbox 868 594 1054 670; x_wconf 82' lang='lat' dir='ltr'><strong>requisivisse.</strong></span> <span class='ocrx_word' id='word_1_19' title='bbox 1099 593 1177 661; x_wconf 87' lang='lat' dir='ltr'><strong>Quod</strong></span> <span class='ocrx_word' id='word_1_20' title='bbox 1197 608 1259 650; x_wconf 91' lang='lat' dir='ltr'><strong>cum</strong></span> <span class='ocrx_word' id='word_1_21' title='bbox 1285 590 1345 663; x_wconf 89' lang='lat' dir='ltr'><strong>ipse</strong></span> <span class='ocrx_word' id='word_1_22' title='bbox 1366 598 1417 641; x_wconf 91' lang='lat' dir='ltr'><strong>non</strong></span> 
     </span>
     <span class='ocr_line' id='line_1_4' title="bbox 505 674 1416 756; baseline -0.019 -17"><span class='ocrx_word' id='word_1_23' title='bbox 505 679 652 756; x_wconf 74' lang='lat' dir='ltr'><strong>agricolae,</strong></span> <span class='ocrx_word' id='word_1_24' title='bbox 668 681 717 738; x_wconf 89' lang='lat' dir='ltr'><strong>sed</strong></span> <span class='ocrx_word' id='word_1_25' title='bbox 731 681 867 736; x_wconf 89' lang='lat' dir='ltr'><strong>mensoris</strong></span> <span class='ocrx_word' id='word_1_26' title='bbox 884 680 1005 738; x_wconf 82' lang='lat' dir='ltr'><strong>cilicium</strong></span> <span class='ocrx_word' id='word_1_27' title='bbox 1021 695 1082 736; x_wconf 88' lang='lat' dir='ltr'><strong>esse</strong></span> <span class='ocrx_word' id='word_1_28' title='bbox 1097 686 1223 749; x_wconf 89' lang='lat' dir='ltr'><strong>censeat,</strong></span> <span class='ocrx_word' id='word_1_29' title='bbox 1239 684 1332 732; x_wconf 73' lang='lat' dir='ltr'><strong>tannen</strong></span> <span class='ocrx_word' id='word_1_30' title='bbox 1348 685 1376 727; x_wconf 91' lang='lat' dir='ltr'><strong>se</strong></span> <span class='ocrx_word' id='word_1_31' title='bbox 1392 674 1416 723; x_wconf 90' lang='lat' dir='ltr'><strong>et</strong></span> 
     </span>
     <span class='ocr_line' id='line_1_5' title="bbox 505 752 1418 839; baseline -0.018 -18"><span class='ocrx_word' id='word_1_32' title='bbox 505 763 642 822; x_wconf 79' lang='lat' dir='ltr'><strong>Trebellio</strong></span> <span class='ocrx_word' id='word_1_33' title='bbox 666 774 694 821; x_wconf 92' lang='lat' dir='ltr'><strong>et</strong></span> <span class='ocrx_word' id='word_1_34' title='bbox 709 763 829 835; x_wconf 84' lang='lat' dir='ltr'><strong>Silvine,</strong></span> <span class='ocrx_word' id='word_1_35' title='bbox 852 766 885 822; x_wconf 96' lang='lat' dir='ltr'><strong>ad</strong></span> <span class='ocrx_word' id='word_1_36' title='bbox 909 781 989 839; x_wconf 90' lang='lat' dir='ltr'><strong>quem</strong></span> <span class='ocrx_word' id='word_1_37' title='bbox 1009 764 1073 821; x_wconf 93' lang='lat' dir='ltr'><strong>libri</strong></span> <span class='ocrx_word' id='word_1_38' title='bbox 1095 756 1179 821; x_wconf 62' lang='lat' dir='ltr'><strong>de‘re</strong></span> <span class='ocrx_word' id='word_1_39' title='bbox 1200 760 1306 818; x_wconf 87' lang='lat' dir='ltr'><strong>rustica</strong></span> <span class='ocrx_word' id='word_1_40' title='bbox 1327 752 1418 826; x_wconf 89' lang='lat' dir='ltr'><strong>scripti</strong></span> 
     </span>
     <span class='ocr_line' id='line_1_6' title="bbox 505 845 1416 925; baseline -0.017 -19"><span class='ocrx_word' id='word_1_41' title='bbox 505 857 586 921; x_wconf 89' lang='lat' dir='ltr'><strong>sunt,</strong></span> <span class='ocrx_word' id='word_1_42' title='bbox 608 848 826 906; x_wconf 79' lang='lat' dir='ltr'><strong>desiderantibus</strong></span> <span class='ocrx_word' id='word_1_43' title='bbox 849 858 994 925; x_wconf 84' lang='lat' dir='ltr'><strong>praecepta</strong></span> <span class='ocrx_word' id='word_1_44' title='bbox 1013 866 1204 906; x_wconf 88' lang='lat' dir='ltr'><strong>mensurarum</strong></span> <span class='ocrx_word' id='word_1_45' title='bbox 1224 845 1416 903; x_wconf 88' lang='lat' dir='ltr'><strong>obsecuturum</strong></span> 
     </span>
    </p>
   </div>
   <div class='ocr_carea' id='block_1_3' title="bbox 466 927 1484 3208">
    <p class='ocr_par' dir='ltr' id='par_1_3' title="bbox 505 927 1483 1176">
     <span class='ocr_line' id='line_1_7' title="bbox 505 927 1482 1008; baseline -0.01 -19"><span class='ocrx_word' id='word_1_46' title='bbox 505 950 581 1001; x_wconf 81' lang='lat' dir='ltr'><strong>esse3</strong></span> <span class='ocrx_word' id='word_1_47' title='bbox 605 933 653 990; x_wconf 85' lang='lat' dir='ltr'><strong>sed</strong></span> <span class='ocrx_word' id='word_1_48' title='bbox 675 933 789 990; x_wconf 92' lang='lat' dir='ltr'><strong>dandam</strong></span> <span class='ocrx_word' id='word_1_49' title='bbox 811 950 871 991; x_wconf 89' lang='lat' dir='ltr'><strong>esse</strong></span> <span class='ocrx_word' id='word_1_50' title='bbox 888 934 1006 1005; x_wconf 88' lang='lat' dir='ltr'><strong>veniam,</strong></span> <span class='ocrx_word' id='word_1_51' title='bbox 1029 934 1052 991; x_wconf 91' lang='lat' dir='ltr'><strong>si</strong></span> <span class='ocrx_word' id='word_1_52' title='bbox 1069 934 1134 1008; x_wconf 93' lang='lat' dir='ltr'><strong>quid</strong></span> <span class='ocrx_word' id='word_1_53' title='bbox 1149 934 1176 989; x_wconf 89' lang='lat' dir='ltr'><strong>in</strong></span> <span class='ocrx_word' id='word_1_54' title='bbox 1192 950 1224 989; x_wconf 91' lang='lat' dir='ltr'><strong>ea</strong></span> <span class='ocrx_word' id='word_1_55' title='bbox 1239 946 1269 988; x_wconf 91' lang='lat' dir='ltr'><strong>re</strong></span> <span class='ocrx_word' id='word_1_56' title='bbox 1284 927 1366 984; x_wconf 86' lang='lat' dir='ltr'><strong>luerit</strong></span> <span class='ocrx_word' id='word_1_57' title='bbox 1381 936 1418 974; x_wconf 79' lang='lat' dir='ltr'><strong>er·</strong></span> <span class='ocrx_word' id='word_1_58' title='bbox 1481 940 1482 949; x_wconf 57' lang='lat'>¹</span> 
     </span>
     <span class='ocr_line' id='line_1_8' title="bbox 505 1008 1417 1093; baseline -0.014 -18"><span class='ocrx_word' id='word_1_59' title='bbox 505 1026 605 1090; x_wconf 92' lang='lat' dir='ltr'><strong>ratum,</strong></span> <span class='ocrx_word' id='word_1_60' title='bbox 621 1019 701 1075; x_wconf 89' lang='lat' dir='ltr'><strong>cuius</strong></span> <span class='ocrx_word' id='word_1_61' title='bbox 717 1019 873 1089; x_wconf 89' lang='lat' dir='ltr'><strong>scientiam,</strong></span> <span class='ocrx_word' id='word_1_62' title='bbox 890 1027 1092 1092; x_wconf 78' lang='lat' dir='ltr'><strong>geometrarum</strong></span> <span class='ocrx_word' id='word_1_63' title='bbox 1108 1021 1195 1093; x_wconf 85' lang='lat' dir='ltr'><strong>magis</strong></span> <span class='ocrx_word' id='word_1_64' title='bbox 1210 1030 1292 1093; x_wconf 90' lang='lat' dir='ltr'><strong>quam</strong></span> <span class='ocrx_word' id='word_1_65' title='bbox 1308 1008 1417 1067; x_wconf 90' lang='lat' dir='ltr'><strong>rustico·</strong></span> 
     </span>
     <span class='ocr_line' id='line_1_9' title="bbox 508 1102 1091 1176; baseline 0.002 -18"><span class='ocrx_word' id='word_1_66' title='bbox 508 1120 569 1158; x_wconf 94' lang='lat' dir='ltr'><strong>rum</strong></span> <span class='ocrx_word' id='word_1_67' title='bbox 583 1103 736 1176; x_wconf 82' lang='lat' dir='ltr'><strong>propriam,</strong></span> <span class='ocrx_word' id='word_1_68' title='bbox 752 1106 812 1176; x_wconf 89' lang='lat' dir='ltr'><strong>ipse</strong></span> <span class='ocrx_word' id='word_1_69' title='bbox 827 1102 879 1159; x_wconf 91' lang='lat' dir='ltr'><strong>sibi</strong></span> <span class='ocrx_word' id='word_1_70' title='bbox 894 1120 950 1159; x_wconf 92' lang='lat' dir='ltr'><strong>non</strong></span> <span class='ocrx_word' id='word_1_71' title='bbox 965 1104 1091 1160; x_wconf 85' lang='lat' dir='ltr'><strong>uindicet.</strong></span> 
     </span>
    </p>

    <p class='ocr_par' dir='ltr' id='par_1_4' title="bbox 466 1185 1488 3208">
     <span class='ocr_line' id='line_1_10' title="bbox 569 1185 1418 1262; baseline -0.016 -21"><span class='ocrx_word' id='word_1_72' title='bbox 569 1186 617 1242; x_wconf 87' lang='lat' dir='ltr'><strong>llis</strong></span> <span class='ocrx_word' id='word_1_73' title='bbox 627 1188 785 1261; x_wconf 86' lang='lat' dir='ltr'><strong>praemissis</strong></span> <span class='ocrx_word' id='word_1_74' title='bbox 796 1185 915 1261; x_wconf 87' lang='lat' dir='ltr'><strong>primum</strong></span> <span class='ocrx_word' id='word_1_75' title='bbox 926 1189 1012 1245; x_wconf 89' lang='lat' dir='ltr'><strong>varias</strong></span> <span class='ocrx_word' id='word_1_76' title='bbox 1027 1204 1156 1262; x_wconf 89' lang='lat' dir='ltr'><strong>agrorum</strong></span> <span class='ocrx_word' id='word_1_77' title='bbox 1164 1198 1307 1243; x_wconf 89' lang='lat' dir='ltr'><strong>mensuras</strong></span> <span class='ocrx_word' id='word_1_78' title='bbox 1316 1187 1418 1235; x_wconf 89' lang='lat' dir='ltr'><strong>enume-</strong></span> 
     </span>
     <span class='ocr_line' id='line_1_11' title="bbox 506 1265 1418 1343; baseline -0.016 -16"><span class='ocrx_word' id='word_1_79' title='bbox 506 1278 567 1343; x_wconf 88' lang='lat' dir='ltr'><strong>rat,</strong></span> <span class='ocrx_word' id='word_1_80' title='bbox 588 1279 645 1327; x_wconf 93' lang='lat' dir='ltr'><strong>tum</strong></span> <span class='ocrx_word' id='word_1_81' title='bbox 667 1271 775 1327; x_wconf 92' lang='lat' dir='ltr'><strong>easdem</strong></span> <span class='ocrx_word' id='word_1_82' title='bbox 795 1271 915 1328; x_wconf 89' lang='lat' dir='ltr'><strong>breviter</strong></span> <span class='ocrx_word' id='word_1_83' title='bbox 936 1272 1074 1330; x_wconf 84' lang='lat' dir='ltr'><strong>describit.</strong></span> <span class='ocrx_word' id='word_1_84' title='bbox 1105 1273 1144 1330; x_wconf 94' lang='lat' dir='ltr'><strong>lta</strong></span> <span class='ocrx_word' id='word_1_85' title='bbox 1167 1289 1228 1329; x_wconf 87' lang='lat' dir='ltr'><strong>oum</strong></span> <span class='ocrx_word' id='word_1_86' title='bbox 1252 1268 1285 1326; x_wconf 91' lang='lat' dir='ltr'><strong>ad</strong></span> <span class='ocrx_word' id='word_1_87' title='bbox 1300 1265 1418 1335; x_wconf 85' lang='lat' dir='ltr'><strong>iugerum</strong></span> 
     </span>
     <span class='ocr_line' id='line_1_12' title="bbox 466 1342 1484 1432; baseline -0.016 -22"><span class='ocrx_word' id='word_1_88' title='bbox 466 1396 470 1400; x_wconf 85' lang='grc'>-</span> <span class='ocrx_word' id='word_1_89' title='bbox 506 1358 670 1431; x_wconf 87' lang='lat' dir='ltr'><strong>pervenerit,</strong></span> <span class='ocrx_word' id='word_1_90' title='bbox 686 1357 776 1431; x_wconf 87' lang='lat' dir='ltr'><strong>iugeri</strong></span> <span class='ocrx_word' id='word_1_91' title='bbox 790 1364 884 1431; x_wconf 90' lang='lat' dir='ltr'><strong>partes</strong></span> <span class='ocrx_word' id='word_1_92' title='bbox 900 1372 946 1413; x_wconf 86' lang='lat' dir='ltr'><strong>eas</strong></span> <span class='ocrx_word' id='word_1_93' title='bbox 961 1358 1093 1432; x_wconf 84' lang='lat' dir='ltr'><strong>persequi</strong></span> <span class='ocrx_word' id='word_1_94' title='bbox 1107 1358 1229 1413; x_wconf 87' lang='lat' dir='ltr'><strong>instituit</strong></span> <span class='ocrx_word' id='word_1_95' title='bbox 1245 1367 1315 1428; x_wconf 88' lang='lat' dir='ltr'><strong>quae</strong></span> <span class='ocrx_word' id='word_1_96' title='bbox 1330 1342 1419 1403; x_wconf 88' lang='lat' dir='ltr'><strong>cadant</strong></span> <span class='ocrx_word' id='word_1_97' title='bbox 1483 1376 1484 1379; x_wconf 17' lang='grc' dir='ltr'>η</span> 
     </span>
     <span class='ocr_line' id='line_1_13' title="bbox 506 1429 1419 1516; baseline -0.001 -20"><span class='ocrx_word' id='word_1_98' title='bbox 506 1442 535 1496; x_wconf 93' lang='lat' dir='ltr'><strong>in</strong></span> <span class='ocrx_word' id='word_1_99' title='bbox 562 1441 778 1497; x_wconf 87' lang='lat' dir='ltr'><strong>aestimationem</strong></span> <span class='ocrx_word' id='word_1_100' title='bbox 804 1440 868 1498; x_wconf 90' lang='lat' dir='ltr'><strong>iacti</strong></span> <span class='ocrx_word' id='word_1_101' title='bbox 892 1443 994 1515; x_wconf 91' lang='lat' dir='ltr'><strong>operis.</strong></span> <span class='ocrx_word' id='word_1_102' title='bbox 1039 1441 1136 1516; x_wconf 85' lang='lat' dir='ltr'><strong>Incipit</strong></span> <span class='ocrx_word' id='word_1_103' title='bbox 1162 1450 1253 1498; x_wconf 92' lang='lat' dir='ltr'><strong>autem</strong></span> <span class='ocrx_word' id='word_1_104' title='bbox 1279 1457 1294 1494; x_wconf 87' lang='lat' dir='ltr'><strong>a</strong></span> <span class='ocrx_word' id='word_1_105' title='bbox 1318 1429 1419 1489; x_wconf 60' lang='lat' dir='ltr'><strong>minimi</strong></span> 
     </span>
     <span class='ocr_line' id='line_1_14' title="bbox 506 1510 1419 1601; baseline -0.019 -20"><span class='ocrx_word' id='word_1_106' title='bbox 506 1533 599 1599; x_wconf 86' lang='lat' dir='ltr'><strong>parte,</strong></span> <span class='ocrx_word' id='word_1_107' title='bbox 621 1525 650 1581; x_wconf 93' lang='lat' dir='ltr'><strong>id</strong></span> <span class='ocrx_word' id='word_1_108' title='bbox 671 1532 714 1583; x_wconf 88' lang='lat' dir='ltr'><strong>est</strong></span> <span class='ocrx_word' id='word_1_109' title='bbox 734 1543 749 1581; x_wconf 90' lang='lat' dir='ltr'><strong>a</strong></span> <span class='ocrx_word' id='word_1_110' title='bbox 769 1525 880 1581; x_wconf 91' lang='lat' dir='ltr'><strong>dimidio</strong></span> <span class='ocrx_word' id='word_1_111' title='bbox 903 1526 1040 1601; x_wconf 88' lang='lat' dir='ltr'><strong>scripulo,</strong></span> <span class='ocrx_word' id='word_1_112' title='bbox 1061 1526 1143 1601; x_wconf 90' lang='lat' dir='ltr'><strong>idque</strong></span> <span class='ocrx_word' id='word_1_113' title='bbox 1164 1534 1192 1583; x_wconf 90' lang='lat' dir='ltr'><strong>et</strong></span> <span class='ocrx_word' id='word_1_114' title='bbox 1207 1531 1293 1599; x_wconf 90' lang='lat' dir='ltr'><strong>quota</strong></span> <span class='ocrx_word' id='word_1_115' title='bbox 1311 1531 1372 1593; x_wconf 90' lang='lat' dir='ltr'><strong>pars</strong></span> <span class='ocrx_word' id='word_1_116' title='bbox 1388 1510 1419 1564; x_wconf 88' lang='lat' dir='ltr'><strong>sit</strong></span> 
     </span>
     <span class='ocr_line' id='line_1_15' title="bbox 507 1602 1419 1685; baseline -0.014 -20"><span class='ocrx_word' id='word_1_117' title='bbox 507 1611 599 1683; x_wconf 89' lang='lat' dir='ltr'><strong>iugeri</strong></span> <span class='ocrx_word' id='word_1_118' title='bbox 614 1617 642 1665; x_wconf 90' lang='lat' dir='ltr'><strong>et</strong></span> <span class='ocrx_word' id='word_1_119' title='bbox 657 1618 725 1684; x_wconf 89' lang='lat' dir='ltr'><strong>quot</strong></span> <span class='ocrx_word' id='word_1_120' title='bbox 740 1611 830 1683; x_wconf 92' lang='lat' dir='ltr'><strong>ipsum</strong></span> <span class='ocrx_word' id='word_1_121' title='bbox 845 1610 929 1685; x_wconf 92' lang='lat' dir='ltr'><strong>pedes</strong></span> <span class='ocrx_word' id='word_1_122' title='bbox 946 1612 1043 1669; x_wconf 88' lang='lat' dir='ltr'><strong>habeat</strong></span> <span class='ocrx_word' id='word_1_123' title='bbox 1058 1620 1183 1667; x_wconf 86' lang='lat' dir='ltr'><strong>accurate</strong></span> <span class='ocrx_word' id='word_1_124' title='bbox 1199 1605 1326 1685; x_wconf 80' lang='lat' dir='ltr'><strong>exponit,</strong></span> <span class='ocrx_word' id='word_1_125' title='bbox 1348 1602 1419 1656; x_wconf 84' lang='lat' dir='ltr'><strong>iten-</strong></span> 
     </span>
     <span class='ocr_line' id='line_1_16' title="bbox 508 1680 1419 1770; baseline -0.012 -21"><span class='ocrx_word' id='word_1_126' title='bbox 508 1710 563 1767; x_wconf 91' lang='lat' dir='ltr'><strong>que</strong></span> <span class='ocrx_word' id='word_1_127' title='bbox 578 1694 705 1769; x_wconf 88' lang='lat' dir='ltr'><strong>deinceps</strong></span> <span class='ocrx_word' id='word_1_128' title='bbox 721 1695 749 1750; x_wconf 91' lang='lat' dir='ltr'><strong>in</strong></span> <span class='ocrx_word' id='word_1_129' title='bbox 765 1695 879 1769; x_wconf 86' lang='lat' dir='ltr'><strong>reliquis</strong></span> <span class='ocrx_word' id='word_1_130' title='bbox 891 1696 1024 1770; x_wconf 90' lang='lat' dir='ltr'><strong>partibus.</strong></span> <span class='ocrx_word' id='word_1_131' title='bbox 1054 1697 1122 1752; x_wconf 84' lang='lat' dir='ltr'><strong>Tum</strong></span> <span class='ocrx_word' id='word_1_132' title='bbox 1134 1701 1282 1770; x_wconf 89' lang='lat' dir='ltr'><strong>praecepta</strong></span> <span class='ocrx_word' id='word_1_133' title='bbox 1298 1680 1419 1769; x_wconf 69' lang='lat' dir='ltr'><strong>quaedaflt</strong></span> 
     </span>
     <span class='ocr_line' id='line_1_17' title="bbox 509 1768 1418 1856; baseline 0.007 -23"><span class='ocrx_word' id='word_1_134' title='bbox 509 1778 584 1834; x_wconf 93' lang='lat' dir='ltr'><strong>addit</strong></span> <span class='ocrx_word' id='word_1_135' title='bbox 599 1778 632 1833; x_wconf 90' lang='lat' dir='ltr'><strong>de</strong></span> <span class='ocrx_word' id='word_1_136' title='bbox 647 1780 681 1835; x_wconf 91' lang='lat' dir='ltr'><strong>iis</strong></span> <span class='ocrx_word' id='word_1_137' title='bbox 698 1782 771 1853; x_wconf 89' lang='lat' dir='ltr'><strong>agris</strong></span> <span class='ocrx_word' id='word_1_138' title='bbox 788 1780 945 1851; x_wconf 79' lang='lat' dir='ltr'><strong>metiendis,</strong></span> <span class='ocrx_word' id='word_1_139' title='bbox 967 1783 995 1837; x_wconf 91' lang='lat' dir='ltr'><strong>in</strong></span> <span class='ocrx_word' id='word_1_140' title='bbox 1012 1796 1127 1856; x_wconf 89' lang='lat' dir='ltr'><strong>quorum</strong></span> <span class='ocrx_word' id='word_1_141' title='bbox 1144 1780 1246 1836; x_wconf 81' lang='lat' dir='ltr'><strong>formas</strong></span> <span class='ocrx_word' id='word_1_142' title='bbox 1263 1778 1323 1851; x_wconf 85' lang='lat' dir='ltr'><strong>ipsc</strong></span> <span class='ocrx_word' id='word_1_143' title='bbox 1338 1768 1418 1839; x_wconf 68' lang='lat' dir='ltr'><strong>iutlffl</strong></span> 
     </span>
     <span class='ocr_line' id='line_1_18' title="bbox 509 1852 1420 1939; baseline -0.012 -20"><span class='ocrx_word' id='word_1_144' title='bbox 509 1862 607 1919; x_wconf 90' lang='lat' dir='ltr'><strong>modus</strong></span> <span class='ocrx_word' id='word_1_145' title='bbox 622 1879 677 1918; x_wconf 88' lang='lat' dir='ltr'><strong>non</strong></span> <span class='ocrx_word' id='word_1_146' title='bbox 693 1863 855 1936; x_wconf 85' lang='lat' dir='ltr'><strong>quadraret,</strong></span> <span class='ocrx_word' id='word_1_147' title='bbox 877 1881 948 1937; x_wconf 89' lang='lat' dir='ltr'><strong>quos</strong></span> <span class='ocrx_word' id='word_1_148' title='bbox 963 1874 1010 1921; x_wconf 89' lang='lat' dir='ltr'><strong>aut</strong></span> <span class='ocrx_word' id='word_1_149' title='bbox 1026 1864 1175 1939; x_wconf 91' lang='lat' dir='ltr'><strong>quadratos</strong></span> <span class='ocrx_word' id='word_1_150' title='bbox 1192 1880 1253 1919; x_wconf 90' lang='lat' dir='ltr'><strong>esse</strong></span> <span class='ocrx_word' id='word_1_151' title='bbox 1270 1856 1363 1917; x_wconf 89' lang='lat' dir='ltr'><strong>scribit</strong></span> <span class='ocrx_word' id='word_1_152' title='bbox 1379 1852 1420 1904; x_wconf 79' lang='lat' dir='ltr'><strong>aul</strong></span> 
     </span>
     <span class='ocr_line' id='line_1_19' title="bbox 510 1937 1418 2024; baseline -0.015 -21"><span class='ocrx_word' id='word_1_153' title='bbox 510 1947 610 2020; x_wconf 90' lang='lat' dir='ltr'><strong>longos</strong></span> <span class='ocrx_word' id='word_1_154' title='bbox 626 1955 673 2003; x_wconf 88' lang='lat' dir='ltr'><strong>aut</strong></span> <span class='ocrx_word' id='word_1_155' title='bbox 688 1956 820 2003; x_wconf 89' lang='lat' dir='ltr'><strong>cuneatos</strong></span> <span class='ocrx_word' id='word_1_156' title='bbox 836 1955 882 2005; x_wconf 91' lang='lat' dir='ltr'><strong>aut</strong></span> <span class='ocrx_word' id='word_1_157' title='bbox 900 1948 1050 2024; x_wconf 82' lang='lat' dir='ltr'><strong>triquetras</strong></span> <span class='ocrx_word' id='word_1_158' title='bbox 1066 1956 1113 2004; x_wconf 95' lang='lat' dir='ltr'><strong>aut</strong></span> <span class='ocrx_word' id='word_1_159' title='bbox 1128 1948 1264 2005; x_wconf 90' lang='lat' dir='ltr'><strong>rotundos</strong></span> <span class='ocrx_word' id='word_1_160' title='bbox 1280 1949 1327 2001; x_wconf 89' lang='lat' dir='ltr'><strong>aut</strong></span> <span class='ocrx_word' id='word_1_161' title='bbox 1343 1937 1418 1995; x_wconf 84' lang='lat' dir='ltr'><strong>etiam</strong></span> 
     </span>
     <span class='ocr_line' id='line_1_20' title="bbox 510 2031 1421 2109; baseline -0.003 -22"><span class='ocrx_word' id='word_1_162' title='bbox 510 2031 696 2088; x_wconf 89' lang='lat' dir='ltr'><strong>semicirculos</strong></span> <span class='ocrx_word' id='word_1_163' title='bbox 713 2032 754 2088; x_wconf 89' lang='lat' dir='ltr'><strong>vel</strong></span> <span class='ocrx_word' id='word_1_164' title='bbox 768 2048 865 2103; x_wconf 90' lang='lat' dir='ltr'><strong>arcus,</strong></span> <span class='ocrx_word' id='word_1_165' title='bbox 887 2050 1083 2109; x_wconf 90' lang='lat' dir='ltr'><strong>nonnunquam</strong></span> <span class='ocrx_word' id='word_1_166' title='bbox 1099 2033 1181 2089; x_wconf 90' lang='lat' dir='ltr'><strong>etiam</strong></span> <span class='ocrx_word' id='word_1_167' title='bbox 1199 2033 1320 2108; x_wconf 88' lang='lat' dir='ltr'><strong>plurium</strong></span> <span class='ocrx_word' id='word_1_168' title='bbox 1340 2033 1421 2092; x_wconf 73' lang='lat' dir='ltr'><strong>ausu·</strong></span> 
     </span>
     <span class='ocr_line' id='line_1_21' title="bbox 510 2114 1421 2192; baseline -0.012 -21"><span class='ocrx_word' id='word_1_169' title='bbox 510 2116 600 2172; x_wconf 89' lang='lat' dir='ltr'><strong>lorum</strong></span> <span class='ocrx_word' id='word_1_170' title='bbox 623 2116 737 2172; x_wconf 80' lang='lat' dir='ltr'><strong>sormam</strong></span> <span class='ocrx_word' id='word_1_171' title='bbox 760 2115 896 2173; x_wconf 80' lang='lat' dir='ltr'><strong>exhibere.</strong></span> <span class='ocrx_word' id='word_1_172' title='bbox 933 2118 1005 2187; x_wconf 81' lang='lat' dir='ltr'><strong>Quae</strong></span> <span class='ocrx_word' id='word_1_173' title='bbox 1025 2118 1129 2174; x_wconf 83' lang='lat' dir='ltr'><strong>formae</strong></span> <span class='ocrx_word' id='word_1_174' title='bbox 1151 2117 1291 2192; x_wconf 88' lang='lat' dir='ltr'><strong>quomodo</strong></span> <span class='ocrx_word' id='word_1_175' title='bbox 1312 2114 1421 2166; x_wconf 80' lang='lat' dir='ltr'><strong>comme·</strong></span> 
     </span>
     <span class='ocr_line' id='line_1_22' title="bbox 511 2184 1422 2276; baseline -0.018 -19"><span class='ocrx_word' id='word_1_176' title='bbox 511 2200 620 2258; x_wconf 88' lang='lat' dir='ltr'><strong>tiendae</strong></span> <span class='ocrx_word' id='word_1_177' title='bbox 630 2203 696 2272; x_wconf 88' lang='lat' dir='ltr'><strong>sint,</strong></span> <span class='ocrx_word' id='word_1_178' title='bbox 711 2200 869 2276; x_wconf 82' lang='lat' dir='ltr'><strong>singillatim</strong></span> <span class='ocrx_word' id='word_1_179' title='bbox 885 2204 1063 2261; x_wconf 90' lang='lat' dir='ltr'><strong>demonstrat.</strong></span> <span class='ocrx_word' id='word_1_180' title='bbox 1095 2203 1169 2260; x_wconf 91' lang='lat' dir='ltr'><strong>Unde</strong></span> <span class='ocrx_word' id='word_1_181' title='bbox 1181 2211 1273 2260; x_wconf 91' lang='lat' dir='ltr'><strong>autem</strong></span> <span class='ocrx_word' id='word_1_182' title='bbox 1283 2184 1422 2255; x_wconf 82' lang='lat' dir='ltr'><strong>Columella</strong></span> 
     </span>
     <span class='ocr_line' id='line_1_23' title="bbox 510 2267 1421 2363; baseline -0.013 -21"><span class='ocrx_word' id='word_1_183' title='bbox 510 2287 581 2342; x_wconf 90' lang='lat' dir='ltr'><strong>banc</strong></span> <span class='ocrx_word' id='word_1_184' title='bbox 605 2302 750 2342; x_wconf 88' lang='lat' dir='ltr'><strong>mensurae</strong></span> <span class='ocrx_word' id='word_1_185' title='bbox 776 2287 911 2344; x_wconf 89' lang='lat' dir='ltr'><strong>ineundae</strong></span> <span class='ocrx_word' id='word_1_186' title='bbox 936 2289 1088 2345; x_wconf 88' lang='lat' dir='ltr'><strong>doctrinam</strong></span> <span class='ocrx_word' id='word_1_187' title='bbox 1114 2289 1276 2363; x_wconf 86' lang='lat' dir='ltr'><strong>repetivisse</strong></span> <span class='ocrx_word' id='word_1_188' title='bbox 1305 2267 1421 2338; x_wconf 79' lang='lat' dir='ltr'><strong>videtur?</strong></span> 
     </span>
     <span class='ocr_line' id='line_1_24' title="bbox 510 2362 1421 2448; baseline -0.003 -22"><span class='ocrx_word' id='word_1_189' title='bbox 510 2369 653 2442; x_wconf 85' lang='lat' dir='ltr'><strong>Nimirum,</strong></span> <span class='ocrx_word' id='word_1_190' title='bbox 670 2378 700 2427; x_wconf 89' lang='lat' dir='ltr'><strong>ut</strong></span> <span class='ocrx_word' id='word_1_191' title='bbox 715 2373 774 2445; x_wconf 89' lang='lat' dir='ltr'><strong>ipse</strong></span> <span class='ocrx_word' id='word_1_192' title='bbox 790 2371 864 2444; x_wconf 84' lang='lat' dir='ltr'><strong>dicit,</strong></span> <span class='ocrx_word' id='word_1_193' title='bbox 881 2391 896 2429; x_wconf 92' lang='lat' dir='ltr'><strong>a</strong></span> <span class='ocrx_word' id='word_1_194' title='bbox 911 2375 1078 2448; x_wconf 87' lang='lat' dir='ltr'><strong>geometris,</strong></span> <span class='ocrx_word' id='word_1_195' title='bbox 1094 2373 1183 2446; x_wconf 92' lang='lat' dir='ltr'><strong>iisque</strong></span> <span class='ocrx_word' id='word_1_196' title='bbox 1199 2369 1343 2435; x_wconf 84' lang='lat' dir='ltr'><strong>Romanis,</strong></span> <span class='ocrx_word' id='word_1_197' title='bbox 1359 2362 1421 2434; x_wconf 77' lang='lat' dir='ltr'><strong>tiu⁰⁵</strong></span> 
     </span>
     <span class='ocr_line' id='line_1_25' title="bbox 512 2447 1422 2532; baseline -0.014 -22"><span class='ocrx_word' id='word_1_198' title='bbox 512 2456 678 2528; x_wconf 88' lang='lat' dir='ltr'><strong>gromaticos</strong></span> <span class='ocrx_word' id='word_1_199' title='bbox 694 2473 790 2514; x_wconf 90' lang='lat' dir='ltr'><strong>vocare</strong></span> <span class='ocrx_word' id='word_1_200' title='bbox 806 2465 1018 2515; x_wconf 89' lang='lat' dir='ltr'><strong>consueverunt.</strong></span> <span class='ocrx_word' id='word_1_201' title='bbox 1049 2457 1101 2514; x_wconf 88' lang='lat' dir='ltr'><strong>Sed</strong></span> <span class='ocrx_word' id='word_1_202' title='bbox 1114 2477 1127 2515; x_wconf 95' lang='lat' dir='ltr'><strong>a</strong></span> <span class='ocrx_word' id='word_1_203' title='bbox 1143 2457 1244 2532; x_wconf 91' lang='lat' dir='ltr'><strong>quibus</strong></span> <span class='ocrx_word' id='word_1_204' title='bbox 1255 2453 1296 2512; x_wconf 92' lang='lat' dir='ltr'><strong>illi</strong></span> <span class='ocrx_word' id='word_1_205' title='bbox 1308 2447 1359 2526; x_wconf 92' lang='lat' dir='ltr'><strong>ipsi</strong></span> <span class='ocrx_word' id='word_1_206' title='bbox 1370 2453 1422 2499; x_wconf 83' lang='lat' dir='ltr'><strong>eam</strong></span> 
     </span>
     <span class='ocr_line' id='line_1_26' title="bbox 512 2540 1423 2615; baseline 0.001 -19"><span class='ocrx_word' id='word_1_207' title='bbox 512 2548 597 2597; x_wconf 90' lang='lat' dir='ltr'><strong>artem</strong></span> <span class='ocrx_word' id='word_1_208' title='bbox 613 2541 686 2597; x_wconf 92' lang='lat' dir='ltr'><strong>docti</strong></span> <span class='ocrx_word' id='word_1_209' title='bbox 703 2543 786 2598; x_wconf 77' lang='lat' dir='ltr'><strong>sunt?</strong></span> <span class='ocrx_word' id='word_1_210' title='bbox 816 2542 885 2598; x_wconf 90' lang='lat' dir='ltr'><strong>Sane</strong></span> <span class='ocrx_word' id='word_1_211' title='bbox 902 2561 916 2599; x_wconf 95' lang='lat' dir='ltr'><strong>a</strong></span> <span class='ocrx_word' id='word_1_212' title='bbox 933 2543 1051 2600; x_wconf 87' lang='lat' dir='ltr'><strong>Graecis.</strong></span> <span class='ocrx_word' id='word_1_213' title='bbox 1087 2545 1122 2598; x_wconf 80' lang='lat' dir='ltr'><strong>At</strong></span> <span class='ocrx_word' id='word_1_214' title='bbox 1137 2558 1188 2615; x_wconf 86' lang='lat' dir='ltr'><strong>ego</strong></span> <span class='ocrx_word' id='word_1_215' title='bbox 1205 2544 1232 2596; x_wconf 94' lang='lat' dir='ltr'><strong>iu</strong></span> <span class='ocrx_word' id='word_1_216' title='bbox 1249 2541 1301 2597; x_wconf 90' lang='lat' dir='ltr'><strong>hoc</strong></span> <span class='ocrx_word' id='word_1_217' title='bbox 1317 2547 1371 2591; x_wconf 71' lang='lat' dir='ltr'><strong>non</strong></span> <span class='ocrx_word' id='word_1_218' title='bbox 1386 2540 1423 2582; x_wconf 73' lang='lat'><strong>³⁰·</strong></span> 
     </span>
     <span class='ocr_line' id='line_1_27' title="bbox 512 2609 1424 2701; baseline -0.015 -20"><span class='ocrx_word' id='word_1_219' title='bbox 512 2624 673 2700; x_wconf 90' lang='lat' dir='ltr'><strong>quiescens,</strong></span> <span class='ocrx_word' id='word_1_220' title='bbox 695 2643 814 2700; x_wconf 92' lang='lat' dir='ltr'><strong>quonam</strong></span> <span class='ocrx_word' id='word_1_221' title='bbox 835 2628 869 2684; x_wconf 93' lang='lat' dir='ltr'><strong>ab</strong></span> <span class='ocrx_word' id='word_1_222' title='bbox 891 2636 1004 2685; x_wconf 91' lang='lat' dir='ltr'><strong>auctore</strong></span> <span class='ocrx_word' id='word_1_223' title='bbox 1027 2627 1147 2698; x_wconf 85' lang='lat' dir='ltr'><strong>Graeco,</strong></span> <span class='ocrx_word' id='word_1_224' title='bbox 1176 2641 1290 2701; x_wconf 87' lang='lat' dir='ltr'><strong>quaero.</strong></span> <span class='ocrx_word' id='word_1_225' title='bbox 1334 2609 1424 2673; x_wconf 75' lang='lat' dir='ltr'><strong>Evolve</strong></span> 
     </span>
     <span class='ocr_line' id='line_1_28' title="bbox 513 2703 1425 2786; baseline -0.011 -21"><span class='ocrx_word' id='word_1_226' title='bbox 513 2710 629 2766; x_wconf 89' lang='lat' dir='ltr'><strong>lleronis</strong></span> <span class='ocrx_word' id='word_1_227' title='bbox 645 2714 823 2783; x_wconf 82' lang='lat' dir='ltr'><strong>geometriam</strong></span> <span class='ocrx_word' id='word_1_228' title='bbox 838 2729 926 2786; x_wconf 93' lang='lat' dir='ltr'><strong>nuper</strong></span> <span class='ocrx_word' id='word_1_229' title='bbox 938 2729 952 2767; x_wconf 93' lang='lat' dir='ltr'><strong>a</strong></span> <span class='ocrx_word' id='word_1_230' title='bbox 963 2712 1044 2768; x_wconf 89' lang='lat' dir='ltr'><strong>nobis</strong></span> <span class='ocrx_word' id='word_1_231' title='bbox 1060 2712 1174 2769; x_wconf 91' lang='lat' dir='ltr'><strong>editam:</strong></span> <span class='ocrx_word' id='word_1_232' title='bbox 1198 2710 1311 2767; x_wconf 87' lang='lat' dir='ltr'><strong>habebis</strong></span> <span class='ocrx_word' id='word_1_233' title='bbox 1328 2703 1425 2785; x_wconf 61' lang='lat' dir='ltr'><strong>lonleii</strong></span> 
     </span>
     <span class='ocr_line' id='line_1_29' title="bbox 513 2785 1424 2870; baseline -0.011 -20"><span class='ocrx_word' id='word_1_234' title='bbox 513 2794 751 2866; x_wconf 88' lang='lat' dir='ltr'><strong>copiosissimum,</strong></span> <span class='ocrx_word' id='word_1_235' title='bbox 767 2795 839 2852; x_wconf 89' lang='lat' dir='ltr'><strong>unde</strong></span> <span class='ocrx_word' id='word_1_236' title='bbox 855 2798 1057 2868; x_wconf 83' lang='lat' dir='ltr'><strong>agrimensores</strong></span> <span class='ocrx_word' id='word_1_237' title='bbox 1072 2797 1185 2853; x_wconf 84' lang='lat' dir='ltr'><strong>Romani</strong></span> <span class='ocrx_word' id='word_1_238' title='bbox 1200 2796 1348 2870; x_wconf 87' lang='lat' dir='ltr'><strong>praecepta</strong></span> <span class='ocrx_word' id='word_1_239' title='bbox 1362 2785 1424 2840; x_wconf 70' lang='lat' dir='ltr'><strong>arus</strong></span> 
     </span>
     <span class='ocr_line' id='line_1_30' title="bbox 515 2869 1425 2955; baseline -0.013 -23"><span class='ocrx_word' id='word_1_240' title='bbox 515 2893 581 2933; x_wconf 89' lang='lat' dir='ltr'><strong>snae</strong></span> <span class='ocrx_word' id='word_1_241' title='bbox 607 2877 766 2933; x_wconf 89' lang='lat' dir='ltr'><strong>hauserunt.</strong></span> <span class='ocrx_word' id='word_1_242' title='bbox 807 2879 861 2935; x_wconf 89' lang='lat' dir='ltr'><strong>Nec</strong></span> <span class='ocrx_word' id='word_1_243' title='bbox 889 2881 968 2936; x_wconf 90' lang='lat' dir='ltr'><strong>omisi</strong></span> <span class='ocrx_word' id='word_1_244' title='bbox 990 2899 1041 2955; x_wconf 86' lang='lat' dir='ltr'><strong>ego</strong></span> <span class='ocrx_word' id='word_1_245' title='bbox 1065 2881 1189 2955; x_wconf 88' lang='lat' dir='ltr'><strong>singulos</strong></span> <span class='ocrx_word' id='word_1_246' title='bbox 1211 2878 1329 2936; x_wconf 90' lang='lat' dir='ltr'><strong>lleronis</strong></span> <span class='ocrx_word' id='word_1_247' title='bbox 1352 2869 1425 2925; x_wconf 84' lang='lat' dir='ltr'><strong>locos</strong></span> 
     </span>
     <span class='ocr_line' id='line_1_31' title="bbox 513 2943 1426 3039; baseline -0.009 -23"><span class='ocrx_word' id='word_1_248' title='bbox 513 2963 692 3036; x_wconf 89' lang='lat' dir='ltr'><strong>conquirere,</strong></span> <span class='ocrx_word' id='word_1_249' title='bbox 708 2978 825 3035; x_wconf 91' lang='lat' dir='ltr'><strong>quorum</strong></span> <span class='ocrx_word' id='word_1_250' title='bbox 845 2965 877 3020; x_wconf 90' lang='lat' dir='ltr'><strong>ad</strong></span> <span class='ocrx_word' id='word_1_251' title='bbox 893 2964 1098 3022; x_wconf 89' lang='lat' dir='ltr'><strong>similitudinem</strong></span> <span class='ocrx_word' id='word_1_252' title='bbox 1114 2964 1236 3039; x_wconf 83' lang='lat' dir='ltr'><strong>exempla</strong></span> <span class='ocrx_word' id='word_1_253' title='bbox 1252 2981 1266 3020; x_wconf 90' lang='lat' dir='ltr'><strong>a</strong></span> <span class='ocrx_word' id='word_1_254' title='bbox 1283 2943 1426 3019; x_wconf 75' lang='lat' dir='ltr'><strong>Columella</strong></span> 
     </span>
     <span class='ocr_line' id='line_1_32' title="bbox 514 3043 1426 3125; baseline 0 -23"><span class='ocrx_word' id='word_1_255' title='bbox 514 3047 659 3122; x_wconf 88' lang='lat' dir='ltr'><strong>proposita</strong></span> <span class='ocrx_word' id='word_1_256' title='bbox 674 3048 777 3121; x_wconf 89' lang='lat' dir='ltr'><strong>scripta</strong></span> <span class='ocrx_word' id='word_1_257' title='bbox 794 3064 855 3106; x_wconf 89' lang='lat' dir='ltr'><strong>esse</strong></span> <span class='ocrx_word' id='word_1_258' title='bbox 870 3045 1062 3122; x_wconf 62' lang='lat' dir='ltr'><strong>vilarentum).</strong></span> <span class='ocrx_word' id='word_1_259' title='bbox 1095 3049 1123 3105; x_wconf 95' lang='lat' dir='ltr'><strong>ln</strong></span> <span class='ocrx_word' id='word_1_260' title='bbox 1145 3049 1244 3125; x_wconf 75' lang='lat' dir='ltr'><strong>quibus</strong></span> <span class='ocrx_word' id='word_1_261' title='bbox 1267 3043 1426 3122; x_wconf 66' lang='lat' dir='ltr'><strong>quamquam</strong></span> 
     </span>
     <span class='ocr_line' id='line_1_33' title="bbox 515 3129 1425 3208; baseline 0.003 -22"><span class='ocrx_word' id='word_1_262' title='bbox 515 3139 543 3186; x_wconf 93' lang='lat' dir='ltr'><strong>et</strong></span> <span class='ocrx_word' id='word_1_263' title='bbox 557 3147 718 3202; x_wconf 90' lang='lat' dir='ltr'><strong>mensurae,</strong></span> <span class='ocrx_word' id='word_1_264' title='bbox 734 3140 765 3188; x_wconf 95' lang='lat' dir='ltr'><strong>ut</strong></span> <span class='ocrx_word' id='word_1_265' title='bbox 780 3135 929 3208; x_wconf 80' lang='lat' dir='ltr'><strong>Aegyptiae</strong></span> <span class='ocrx_word' id='word_1_266' title='bbox 946 3153 959 3192; x_wconf 89' lang='lat' dir='ltr'><strong>a</strong></span> <span class='ocrx_word' id='word_1_267' title='bbox 975 3135 1120 3207; x_wconf 88' lang='lat' dir='ltr'><strong>Romanis,</strong></span> <span class='ocrx_word' id='word_1_268' title='bbox 1142 3136 1312 3208; x_wconf 88' lang='lat' dir='ltr'><strong>discrepant,</strong></span> <span class='ocrx_word' id='word_1_269' title='bbox 1339 3129 1425 3180; x_wconf 62' lang='lat'>01³⁰·</span> 
     </span>
    </p>
   </div>
   <div class='ocr_carea' id='block_1_4' title="bbox 516 3327 1427 3807">
    <p class='ocr_par' dir='ltr' id='par_1_5' title="bbox 516 3327 1427 3807">
     <span class='ocr_line' id='line_1_34' title="bbox 585 3327 1425 3399; baseline 0.002 -20"><span class='ocrx_word' id='word_1_270' title='bbox 585 3329 611 3391; x_wconf 90' lang='lat'><strong>1)</strong></span> <span class='ocrx_word' id='word_1_271' title='bbox 629 3330 671 3380; x_wconf 82' lang='lat' dir='ltr'><strong>Ad</strong></span> <span class='ocrx_word' id='word_1_272' title='bbox 689 3329 861 3383; x_wconf 76' lang='lat' dir='ltr'><strong>Columellas</strong></span> <span class='ocrx_word' id='word_1_273' title='bbox 880 3349 941 3399; x_wconf 86' lang='lat' dir='ltr'><strong>cap.</strong></span> <span class='ocrx_word' id='word_1_274' title='bbox 961 3335 977 3384; x_wconf 81' lang='lat'>2</span> <span class='ocrx_word' id='word_1_275' title='bbox 995 3335 1010 3396; x_wconf 69' lang='grc' dir='ltr'><strong>ἕ</strong></span> <span class='ocrx_word' id='word_1_276' title='bbox 1030 3336 1044 3384; x_wconf 93' lang='grc'>1</span> <span class='ocrx_word' id='word_1_277' title='bbox 1063 3338 1091 3386; x_wconf 84' lang='lat' dir='ltr'><strong>et</strong></span> <span class='ocrx_word' id='word_1_278' title='bbox 1108 3336 1124 3384; x_wconf 78' lang='lat'><strong>2</strong></span> <span class='ocrx_word' id='word_1_279' title='bbox 1144 3333 1241 3384; x_wconf 83' lang='lat' dir='ltr'><strong>confer</strong></span> <span class='ocrx_word' id='word_1_280' title='bbox 1257 3333 1324 3382; x_wconf 89' lang='lat' dir='ltr'><strong>Her.</strong></span> <span class='ocrx_word' id='word_1_281' title='bbox 1342 3327 1425 3388; x_wconf 62' lang='lat' dir='ltr'><strong>gem·</strong></span> 
     </span>
     <span class='ocr_line' id='line_1_35' title="bbox 516 3384 1426 3467; baseline 0.008 -20"><span class='ocrx_word' id='word_1_282' title='bbox 516 3413 579 3462; x_wconf 84' lang='lat' dir='ltr'><strong>cap.</strong></span> <span class='ocrx_word' id='word_1_283' title='bbox 598 3400 623 3462; x_wconf 81' lang='lat'><strong>5,</strong></span> <span class='ocrx_word' id='word_1_284' title='bbox 643 3401 656 3448; x_wconf 95' lang='lat'>1</span> <span class='ocrx_word' id='word_1_285' title='bbox 675 3424 708 3433; x_wconf 96' lang='lat'>-</span> <span class='ocrx_word' id='word_1_286' title='bbox 727 3398 762 3448; x_wconf 88' lang='lat' dir='ltr'><strong>ed</strong></span> <span class='ocrx_word' id='word_1_287' title='bbox 780 3401 795 3461; x_wconf 69' lang='grc' dir='ltr'>ἕ</span> <span class='ocrx_word' id='word_1_288' title='bbox 814 3403 830 3452; x_wconf 86' lang='grc'>3</span> <span class='ocrx_word' id='word_1_289' title='bbox 851 3401 919 3453; x_wconf 84' lang='lat' dir='ltr'><strong>Her.</strong></span> <span class='ocrx_word' id='word_1_290' title='bbox 938 3417 999 3467; x_wconf 85' lang='lat' dir='ltr'><strong>cap.</strong></span> <span class='ocrx_word' id='word_1_291' title='bbox 1019 3404 1034 3452; x_wconf 90' lang='grc'><strong>6</strong></span> <span class='ocrx_word' id='word_1_292' title='bbox 1058 3428 1092 3437; x_wconf 90' lang='grc'><strong>-</strong></span> <span class='ocrx_word' id='word_1_293' title='bbox 1114 3402 1149 3452; x_wconf 86' lang='lat' dir='ltr'><strong>ad</strong></span> <span class='ocrx_word' id='word_1_294' title='bbox 1168 3403 1182 3464; x_wconf 69' lang='grc' dir='ltr'><strong>ξ</strong></span> <span class='ocrx_word' id='word_1_295' title='bbox 1200 3403 1218 3450; x_wconf 89' lang='grc'>4</span> <span class='ocrx_word' id='word_1_296' title='bbox 1235 3401 1301 3450; x_wconf 86' lang='lat' dir='ltr'><strong>Her.</strong></span> <span class='ocrx_word' id='word_1_297' title='bbox 1320 3405 1379 3454; x_wconf 75' lang='lat' dir='ltr'><strong>cap.</strong></span> <span class='ocrx_word' id='word_1_298' title='bbox 1398 3384 1426 3435; x_wconf 72' lang='lat'><strong>⁶²</strong></span> 
     </span>
     <span class='ocr_line' id='line_1_36' title="bbox 517 3451 1425 3534; baseline 0.008 -20"><span class='ocrx_word' id='word_1_299' title='bbox 517 3491 549 3500; x_wconf 90' lang='lat'><em>—</em></span> <span class='ocrx_word' id='word_1_300' title='bbox 569 3465 604 3515; x_wconf 87' lang='lat' dir='ltr'><strong>ad</strong></span> <span class='ocrx_word' id='word_1_301' title='bbox 621 3466 637 3526; x_wconf 67' lang='grc' dir='ltr'>ἓ</span> <span class='ocrx_word' id='word_1_302' title='bbox 655 3468 671 3517; x_wconf 86' lang='grc'><strong>6</strong></span> <span class='ocrx_word' id='word_1_303' title='bbox 688 3463 756 3517; x_wconf 89' lang='lat' dir='ltr'><strong>Her.</strong></span> <span class='ocrx_word' id='word_1_304' title='bbox 775 3483 836 3533; x_wconf 82' lang='lat' dir='ltr'><strong>cap.</strong></span> <span class='ocrx_word' id='word_1_305' title='bbox 856 3471 889 3518; x_wconf 80' lang='lat'><strong>14</strong></span> <span class='ocrx_word' id='word_1_306' title='bbox 906 3496 940 3507; x_wconf 91' lang='lat'><strong>—</strong></span> <span class='ocrx_word' id='word_1_307' title='bbox 958 3470 994 3520; x_wconf 83' lang='lat' dir='ltr'><strong>ed</strong></span> <span class='ocrx_word' id='word_1_308' title='bbox 1011 3471 1026 3531; x_wconf 67' lang='grc' dir='ltr'><strong>ξ</strong></span> <span class='ocrx_word' id='word_1_309' title='bbox 1045 3471 1060 3519; x_wconf 89' lang='grc'><strong>6</strong></span> <span class='ocrx_word' id='word_1_310' title='bbox 1078 3470 1146 3519; x_wconf 90' lang='lat' dir='ltr'><strong>Her.</strong></span> <span class='ocrx_word' id='word_1_311' title='bbox 1167 3471 1259 3534; x_wconf 73' lang='lat' dir='ltr'><strong>capt</strong></span> <span class='ocrx_word' id='word_1_312' title='bbox 1279 3492 1310 3502; x_wconf 89' lang='lat'>-</span> <span class='ocrx_word' id='word_1_313' title='bbox 1330 3458 1364 3510; x_wconf 78' lang='lat' dir='ltr'><strong>ad</strong></span> <span class='ocrx_word' id='word_1_314' title='bbox 1381 3451 1425 3512; x_wconf 73' lang='lat'><strong>§⁷</strong></span> 
     </span>
     <span class='ocr_line' id='line_1_37' title="bbox 516 3517 1427 3602; baseline 0.008 -21"><span class='ocrx_word' id='word_1_315' title='bbox 516 3532 583 3584; x_wconf 89' lang='lat' dir='ltr'><strong>Her.</strong></span> <span class='ocrx_word' id='word_1_316' title='bbox 603 3549 664 3599; x_wconf 84' lang='lat' dir='ltr'><strong>cap.</strong></span> <span class='ocrx_word' id='word_1_317' title='bbox 682 3535 730 3599; x_wconf 78' lang='lat'><strong>87,</strong></span> <span class='ocrx_word' id='word_1_318' title='bbox 748 3536 773 3584; x_wconf 85' lang='lat'><strong>4.</strong></span> <span class='ocrx_word' id='word_1_319' title='bbox 793 3537 835 3601; x_wconf 88' lang='grc'><strong>88,</strong></span> <span class='ocrx_word' id='word_1_320' title='bbox 854 3537 870 3586; x_wconf 89' lang='grc'><strong>6</strong></span> <span class='ocrx_word' id='word_1_321' title='bbox 892 3563 927 3576; x_wconf 87' lang='lat'><strong>·-</strong></span> <span class='ocrx_word' id='word_1_322' title='bbox 950 3537 985 3588; x_wconf 82' lang='lat' dir='ltr'><strong>ad</strong></span> <span class='ocrx_word' id='word_1_323' title='bbox 1003 3539 1018 3599; x_wconf 64' lang='grc' dir='ltr'><em>ξ</em></span> <span class='ocrx_word' id='word_1_324' title='bbox 1036 3537 1052 3586; x_wconf 86' lang='grc'>8</span> <span class='ocrx_word' id='word_1_325' title='bbox 1070 3537 1137 3587; x_wconf 86' lang='lat' dir='ltr'><strong>Her.</strong></span> <span class='ocrx_word' id='word_1_326' title='bbox 1158 3553 1220 3602; x_wconf 85' lang='lat' dir='ltr'><strong>cap.</strong></span> <span class='ocrx_word' id='word_1_327' title='bbox 1237 3539 1283 3598; x_wconf 82' lang='lat'><strong>93,</strong></span> <span class='ocrx_word' id='word_1_328' title='bbox 1302 3533 1318 3582; x_wconf 88' lang='grc'>8</span> <span class='ocrx_word' id='word_1_329' title='bbox 1341 3550 1371 3562; x_wconf 69' lang='lat'><em>⁶</em></span> <span class='ocrx_word' id='word_1_330' title='bbox 1396 3517 1427 3570; x_wconf 63' lang='lat' dir='ltr'><strong>“d</strong></span> 
     </span>
     <span class='ocr_line' id='line_1_38' title="bbox 517 3589 1424 3670; baseline 0.003 -19"><span class='ocrx_word' id='word_1_331' title='bbox 517 3602 532 3662; x_wconf 67' lang='grc' dir='ltr'><strong>ξ</strong></span> <span class='ocrx_word' id='word_1_332' title='bbox 550 3603 566 3651; x_wconf 86' lang='grc'>9</span> <span class='ocrx_word' id='word_1_333' title='bbox 584 3601 650 3652; x_wconf 89' lang='lat' dir='ltr'><strong>Her.</strong></span> <span class='ocrx_word' id='word_1_334' title='bbox 671 3618 732 3669; x_wconf 87' lang='lat' dir='ltr'><strong>cap.</strong></span> <span class='ocrx_word' id='word_1_335' title='bbox 752 3604 1097 3670; x_wconf 75' lang='lat' dir='ltr'><strong>94,1-deniquaad§</strong></span> <span class='ocrx_word' id='word_1_336' title='bbox 1117 3608 1148 3656; x_wconf 87' lang='grc'><strong>10</strong></span> <span class='ocrx_word' id='word_1_337' title='bbox 1167 3607 1233 3655; x_wconf 87' lang='lat' dir='ltr'><strong>Her.</strong></span> <span class='ocrx_word' id='word_1_338' title='bbox 1253 3619 1313 3668; x_wconf 82' lang='lat' dir='ltr'><strong>cap·</strong></span> <span class='ocrx_word' id='word_1_339' title='bbox 1334 3595 1390 3654; x_wconf 69' lang='lat'><strong>1⁰22</strong></span> <span class='ocrx_word' id='word_1_340' title='bbox 1401 3589 1424 3648; x_wconf 80' lang='lat'><strong>4,</strong></span> 
     </span>
     <span class='ocr_line' id='line_1_39' title="bbox 517 3669 1425 3736; baseline -0.013 -18"><span class='ocrx_word' id='word_1_341' title='bbox 517 3669 565 3718; x_wconf 85' lang='lat' dir='ltr'><strong>ubi</strong></span> <span class='ocrx_word' id='word_1_342' title='bbox 584 3674 702 3736; x_wconf 78' lang='lat' dir='ltr'><strong>apparat</strong></span> <span class='ocrx_word' id='word_1_343' title='bbox 721 3670 903 3723; x_wconf 79' lang='lat' dir='ltr'><strong>Columellam</strong></span> <span class='ocrx_word' id='word_1_344' title='bbox 927 3673 1024 3723; x_wconf 88' lang='lat' dir='ltr'><strong>eodem</strong></span> <span class='ocrx_word' id='word_1_345' title='bbox 1047 3674 1167 3724; x_wconf 78' lang='lat' dir='ltr'><strong>Heronio</strong></span> <span class='ocrx_word' id='word_1_346' title='bbox 1186 3672 1256 3724; x_wconf 88' lang='lat' dir='ltr'><strong>libro</strong></span> <span class='ocrx_word' id='word_1_347' title='bbox 1274 3679 1351 3721; x_wconf 82' lang='lat' dir='ltr'><strong>usum</strong></span> <span class='ocrx_word' id='word_1_348' title='bbox 1370 3669 1425 3710; x_wconf 77' lang='lat' dir='ltr'><strong>esse</strong></span> 
     </span>
     <span class='ocr_line' id='line_1_40' title="bbox 518 3737 1144 3807; baseline 0.01 -20"><span class='ocrx_word' id='word_1_349' title='bbox 518 3752 598 3802; x_wconf 86' lang='lat' dir='ltr'><strong>quem</strong></span> <span class='ocrx_word' id='word_1_350' title='bbox 616 3739 783 3805; x_wconf 85' lang='lat' dir='ltr'><strong>epitomator</strong></span> <span class='ocrx_word' id='word_1_351' title='bbox 800 3739 869 3793; x_wconf 80' lang='grc' dir='ltr'>ἄλλο</span> <span class='ocrx_word' id='word_1_352' title='bbox 888 3737 992 3804; x_wconf 83' lang='grc' dir='ltr'>βιβλίον</span> <span class='ocrx_word' id='word_1_353' title='bbox 1011 3741 1144 3807; x_wconf 82' lang='lat' dir='ltr'><strong>appellat.</strong></span> 
     </span>
    </p>
   </div>
   <div class='ocr_carea' id='block_1_5' title="bbox 0 0 1791 4400">
    <p class='ocr_par' dir='ltr' id='par_1_6' title="bbox 0 0 1791 4400">
     <span class='ocr_line' id='line_1_41' title="bbox 0 0 1791 4400; baseline 0 0"><span class='ocrx_word' id='word_1_354' title='bbox 0 0 1791 4400; x_wconf 95' lang='lat' dir='ltr'><strong> </strong></span> 
     </span>
    </p>
   </div>
  </div>
 </body>
</html>
